3018 4860
469 321 750 390 ursnomuuuu
780 329 805 390 ι.
835 329 884 396 οι.
1141 323 1219 410 271

145 477 326 562 όπιηύμνοο
352 481 408 544 καί
425 476 482 556 τάς
501 475 636 560 ὀθόνας,
662 472 713 554 οἷς
733 477 913 559 ἑδεσμεῖτο,
943 480 1101 567 περιῄρει,
1123 470 1151 543 δι’
1169 478 1295 562 ciete.
1308 495 1375 550 rant

143 580 262 662 πολλῆς
280 581 340 642 τού
359 579 441 642 danai
459 576 533 662 περί
551 575 628 652 τούς
646 578 812 662 μάρτυρας
834 581 1032 662 φιλοτιμίας]
1056 577 1073 644 ὅ
1093 580 1153 660 μὲν
1166 601 1227 660 μο-

142 677 199 753 τός
226 673 287 753 ἔξω
317 659 429 762 εύρήτο
452 671 654 762 ἐρριμμένος,
681 671 772 758 ύγιὴς
802 673 880 742 όὲά
907 673 986 752 πούς
1006 679 1039 754 ός
1058 680 1205 744 τοσοῦτον
1217 688 1265 759 ,Ρ.
1287 680 1341 744 ἱίίί

144 774 190 850 ὥς
218 775 300 859 μηδὲ
328 773 417 866 ἴχνος
445 775 538 859 ου’λῆς
556 767 589 858 ἢ
609 771 789 860 τραύματος
809 774 1017 860 ὑποφαίνειν,
1047 775 1117 839 άλλ’
1138 776 1230 859 dyra-

124 871 398 946 attrectatum
424 873 479 938 καί
497 873 630 960 ἐτρώθη.
653 869 727 960 όπερ
756 872 833 938 tuda
854 870 871 938 ό
893 871 1041 959 βασιλεύς
1059 874 1176 958 μᾶλλόν
1194 900 1230 940 τε

143 969 232 1058 ἥσθη
258 969 312 1038 διά
344 976 452 1055 τοῦτο,
484 967 506 1058 ἢ
537 969 587 1038 δτι
620 973 849 1057 Θεσσαλονίκην
878 973 1086 1060 ὑπεποιήσατο
1109 971 1229 1063 ἑαυτῷ,

143 1073 202 1136 καί
226 1076 423 1160 θερμοτέρας
449 1072 559 1138 τούτου
597 1075 687 1164 ἕνεκα
715 1072 769 1138 καί
795 1071 921 1151 πλείους
941 1071 999 1150 τάς
1025 1075 1231 1161 εὐχαριστίας

145 1165 310 1236 άπεδίδου.
336 1171 429 1258 ναίὴ
455 1172 543 1250 πόλις
564 1173 598 1237 δὲ
618 1169 705 1236 πάσα
724 1169 782 1256 τήν
800 1174 845 1248 εἰς
864 1170 1071 1258 τὸνβασιλέα
1089 1168 1231 1254 πυθόμε-

129 1262 196 1335 ινσι
223 1273 505 1357 θαυματουρχιαν,
532 1269 668 1346 πολλούς
694 1265 813 1352 ὕμνους
842 1269 887 1347 είς
915 1295 948 1337 τε
973 1270 1051 1336 θεόν
1081 1266 1156 1361 ᾖδον
1177 1277 1233 1338 καί

108 1369 329 1457 ιοΔημάτριον
347 1369 403 1435 τόν
417 1369 536 1436 ἐκείνου
556 1363 763 1459 θεράπευτὴν.
785 1371 905 1436 ἐκεῖθεν
927 1372 961 1435 δὲ
981 1372 1151 1450 ἐξελθώνδ
1171 1377 1232 1456 βου

147 1467 262 1551 σιλεύς,
282 1466 447 1554 κλινούσης
466 1464 527 1556 ἤδη
547 1472 600 1556 τῆς
630 1467 765 1557 ἡμέρας,
786 1471 831 1545 εἰς
849 1467 888 1535 τά
907 1470 1054 1552 βασίλεια
1078 1467 1231 1557 ηύλίσιιτο

146 1565 203 1652 τὴν
232 1568 329 1634 νύκτα
356 1570 468 1636 ε’λθοάν.
481 1589 483 1594 ’
497 1565 564 1653 ἅμα
593 1574 628 1636 δὲ
659 1571 700 1659 bqr
729 1573 774 1647 εἰς
799 1567 855 1654 τὴν
882 1571 1055 1656 ὑστεραίαν
1082 1566 1177 1650 αύτός
1196 1597 1232 1637 τε

149 1664 357 1750 ὁπλισάμενος
386 1667 442 1734 καί
471 1669 660 1758 ἤστρατιά,
693 1669 747 1734 καί
774 1673 831 1734 τού
853 1671 1104 1762 Θεσσαλονικέων
1124 1671 1256 1757 δήμουΒ

147 1764 322 1854 προθύμως
342 1769 654 1855 συστρατευομένου,
683 1762 780 1858 ᾔεσαν
808 1769 853 1846 εἰς
880 1767 939 1853 τήν
960 1765 1148 1856 ἀκρόπολιν,
1170 1771 1232 1855 nic,

109 1863 177 1931 15⁶1
203 1865 248 1951 μὴ
276 1875 491 1958 προσχωροβεν
518 1863 618 1934 ἑκοντὶ
647 1865 678 1932 οἱ
706 1865 936 1951 κατασχόντες,
970 1869 1133 1952 βιάσαιντο
1164 1881 1229 1947 τοῖς

147 1963 265 2042 ὅπλοις.
306 1971 417 2060 πρωτα
436 1969 497 2047 μὲν
517 1957 574 2032 ούν
593 1969 722 2050 πέμψας
743 1965 760 2030 ό
780 1966 939 2050 βασιλεύς,
967 1965 1178 2055 προσηγόρευί
1196 1993 1230 2035 τε

148 2063 222 2142 τούς
242 2063 332 2130 ἔνδον
350 2064 406 2130 καί
435 2067 641 2150 προδκαλεϊτο
675 2061 792 2142 αύτούς
823 2065 945 2150 άμαχεί
975 2066 1033 2152 τὴν
1064 2069 1273 2156 άκρόπολινλί.
1287 2080 1336 2150 ι34

148 2163 370 2250 παραδιδόναι,
393 2159 568 2250 ἀμνηστίαν
588 2189 622 2230 τε
642 2159 791 2252 παρέχων
811 2168 866 2230 καί
884 2167 1142 2250 ἐπαγγελλόμενος
1163 2193 1232 2234 ποι·

146 2267 237 2348 ἡσειν
256 2255 304 2328 cai.
328 2261 371 2341 άς
390 2266 420 2329 δ’
441 2265 497 2328 οὐκ
516 2265 682 2350 ἐσήκουον,
705 2262 783 2329 άλλά
802 2265 1023 2352 ἐσκληρύνοντο
1029 2320 1039 2350 ,
1060 2269 1233 2334 καταστάν-

107 2387 200 2438 τοτες
229 2361 461 2446 ἐτειχομάχοον.
511 2368 566 2430 καί
592 2368 689 2449 μέχρι
716 2366 775 2446 μὲν
803 2367 901 2450 τριῶν
920 2358 942 2450 ἢ
961 2365 1122 2460 τεττάρων
1142 2367 1234 2454 niuniu

148 2462 205 2528 καί
223 2463 316 2527 atros*
333 2461 489 2548 ἠμύνοντο
511 2462 750 2550 conscenderitis
772 2467 836 2530 τεόν
857 2469 989 2550 τειχῶν·
1020 2464 1127 2532 ἔπειτα
1148 2470 1182 2532 οἳ
1199 2477 1234 2532 τε

148 2562 209 2648 τὴν
230 2559 397 2649 ἀκρόπολιν
417 2569 631 2640 κατοικοῦντες
649 2567 704 2629 καί
723 2560 789 2630 ὅσοι
805 2567 867 2631 τῶν
882 2567 1133 2633 Θεσσαλονικέων
1151 2562 1234 2652 ἦσαν

150 2661 194 2746 μὴ
217 2661 299 2727 πάνυ
319 2663 536 2750 προσκείμενοι
554 2668 597 2754 τῷ
617 2667 815 2754 πρεσβυτέρῳ
838 2670 983 2748 βασιλεῖ,
1006 2663 1259 2733 διεστασίασάνίὲ
1331 2723 1335 2734 .

152 2785 187 2825 τε
211 2770 279 2838 ταῖς
305 2760 443 2845 γνώμαις
465 2760 543 2848 πρὸς
566 2760 640 2840 τούς
663 2757 794 2848 ἄλλους,
816 2765 871 2828 καί
889 2762 1055 2851 άνακωχὴν
1085 2763 1236 2850 αἰτήσαν-

222 2917 248 2970 ³.
262 2911 435 2988 ἔβριμμίνος
451 2914 566 2978 correxi,
585 2929 646 2965 cum
663 2919 742 2970 antea
760 2911 937 2986 ἰῤῥημμίνος
949 2913 1093 2983 legeretur.

151 3051 311 3126 nudatoque
330 3049 415 3123 pede,
433 3051 614 3104 linamentum
638 3051 709 3104 illud
724 3061 863 3123 carptum,
891 3052 966 3124 quod
985 3051 1142 3106 vulneribus
1160 3039 1239 3109 insli-

150 3135 198 3178 tur
215 3125 243 3196 (ο
265 3141 386 3194 maguam
401 3123 454 3174 Dei
470 3123 504 3176 ad
520 3133 649 3190 martyres
665 3141 727 3175 suos
747 3121 919 3176 honorandos
938 3141 1028 3176 curam
1046 3131 1074 3176 et
1089 3125 1237 3192 providen-

57 3201 60 3208 ’
152 3197 251 3268 riaml)
270 3205 344 3248 entra
361 3195 458 3244 vulnus
473 3195 612 3264 apparuit:
631 3211 678 3264 pes
706 3202 796 3246 autem
814 3193 882 3247 adeo
901 3212 999 3258 sanus,
1017 3201 1049 3247 ut
1066 3211 1116 3246 nee
1139 3196 1238 3248 vulne-

153 3270 202 3330 ris,
220 3283 272 3318 nec
287 3265 418 3320 cicatricis
435 3265 520 3316 ullum
535 3272 648 3317 restaret
661 3265 803 3332 vestigium
812 3303 820 3330 ,
837 3273 866 3316 ct
879 3267 1070 3318 vulneratusue
1087 3265 1236 3336 aliquando

153 3337 254 3390 suisset
285 3337 462 3406 ignoraretur.
497 3335 556 3387 Hoc
577 3336 635 3388 viso
654 3335 799 3398 miraculo,
826 3337 908 3406 magis
936 3354 1017 3406 quam
1045 3335 1079 3387 de
1101 3339 1236 3406 acquisita

154 3407 353 3460 Thessalonica
367 3405 514 3458 exsultavit
533 3407 688 3474 imperator,
706 3406 938 3476 iervcntioresque
954 3415 982 3460 et
1000 3407 1114 3460 maiores
1134 3408 1169 3459 ob
1183 3407 1237 3462 boe

153 3477 321 3531 beneficium
334 3477 431 3547 gratias
450 3478 522 3545 egit3
541 3493 571 3526 ae
588 3483 645 3528 tota
660 3475 773 3536 civitas,
791 3477 931 3528 intellecto
947 3478 977 3530 in
999 3493 1060 3530 eum
1089 3477 1163 3530 edito
1179 3488 1237 3532 tam

154 3547 313 3602 admirabili
334 3563 424 3616 opere,
443 3547 540 3597 multas
555 3547 612 3598 Deo
626 3553 654 3597 et
664 3547 813 3608 Demetrio,
832 3564 846 3597 a
862 3564 915 3618 quo
930 3553 1038 3600 curatus
1051 3547 1157 3613 fuerat,
1174 3551 1235 3604 lau·

158 3619 208 3672 sies
227 3619 388 3674 decantavit.
424 3615 490 3668 lnsle
510 3633 645 3684 egressus,
663 3615 811 3667 inclinante
827 3617 877 3668 iarn
896 3617 926 3669 in
939 3625 1047 3670 noctem
1064 3617 1126 3682 die,
1149 3621 1178 3671 in
1192 3639 1236 3672 re·

155 3693 199 3760 gia
218 3707 312 3742 somno
329 3705 357 3740 se
374 3685 457 3738 dedit
494 3687 547 3737 Ubi
563 3686 679 3748 diluxit,
699 3687 757 3754 ipse
771 3693 798 3736 et
813 3687 914 3738 milites
927 3688 1008 3739 armis
1025 3689 1132 3752 induti,
1151 3694 1237 3744 comi·
1287 3715 1289 3720 ¹

154 3767 232 3813 tante
260 3761 342 3811 etiam
366 3757 490 3808 alacriter
517 3757 546 3807 in
569 3757 649 3806 armis
676 3753 912 3808 Thessalonica-,nsi
940 3759 1063 3828 popello,
1086 3757 1121 3808 ad
1149 3777 1238 3814 arcens

155 3829 336 3902 prodierunt3
354 3837 395 3890 ut,
410 3829 462 3879 nisi
479 3835 575 3896 sponte
593 3843 650 3877 eam
670 3825 809 3878 traderent
823 3829 870 3898 qui
892 3829 1058 3889 retinebant,
1077 3829 1104 3879 vi
1118 3847 1152 3881 ca
1174 3831 1236 3884 adi-

156 3909 294 3973 gerentur.
336 3899 453 3950 Primum
477 3899 560 3967 igitur
580 3897 728 3965 imperator
752 3897 957 3950 consalutatum
974 3907 1001 3950 et
1022 3897 1055 3950 ad
1072 3915 1159 3951 arcem
1178 3903 1237 3958 sine

158 3971 241 4024 caede
264 3977 292 4022 et
312 3969 443 4039 sanguine
470 3967 622 4020 dedendam
645 3967 789 4020 invitatum
814 3969 914 4031 mittit,
935 3967 1102 4022 oblivionem
1125 3976 1236 4026 offensi.

158 4059 243 4095 onum
270 4048 298 4093 et
318 4037 525 4092 beneficentiam
549 4037 697 4108 pollicitus.
734 4037 787 4090 Ubi
812 4037 976 4091 obdurantes
1000 4046 1133 4093 oratorem
1152 4042 1239 4098 dimi-

158 4119 271 4175 scrunt,
290 4109 390 4180 quibus
407 4109 498 4162 datum
516 4107 670 4179 negotium,
698 4107 732 4160 ad
748 4108 828 4160 boras
849 4115 904 4162 tres
924 4117 972 4161 aut
994 4117 1111 4180 quatuor
1134 4130 1239 4180 αιτιοι,

159 4182 320 4236 adversariis
340 4181 414 4233 intus
435 4179 552 4232 viriliter
569 4195 597 4234 τε
617 4176 845 4243 defendentibus,
864 4189 1061 4250 oppugnarunt.
1097 4181 1160 4235 Post
1179 4191 1237 4235 mm

160 4255 230 4307 arcis
248 4253 334 4324 ipsius
347 4249 471 4316 incolae,
490 4259 547 4304 tum
569 4257 704 4321 quotquot
719 4266 733 4302 c
756 4247 1046 4324 Thessalonicensibus
1066 4253 1166 4304 seniori
1184 4255 1237 4308 im-
