2918 4846
275 273 358 377 540
565 277 569 285 '
670 301 950 370 munacuzaus

120 461 186 522 A.C.
199 462 264 533 1340
278 450 431 541 ἀλλήλους
449 453 554 522 'circis
575 433 812 542 διειλεγμένον,
839 457 910 526 ἐπεί
928 460 1074 528 ἐδίδοντο
1092 447 1340 552 παραιόοιμαμόιη

273 655 390 722 τούτων
409 652 544 739 ἐτησίοις
559 654 693 744 ’φόροις,
730 656 902 745 γράμματα
930 657 1086 748 ὶγράφετο
1106 656 1270 743 βασιλικά,
1293 651 1341 745 ira

268 779 367 848 χοντα
400 747 626 820 ἀποδεικνύντα
660 755 943 844 παρακοιμιόμενον
970 762 1029 825 τοῦ
1054 757 1167 826 στόλου
1195 761 1250 824 τοῦ
1275 754 1339 824 scri

244 855 433 943 οΠερσάν,·
461 850 516 919 ναί
534 851 595 919 άπὸ
616 855 679 921 τῶν
707 859 866 942 δημοσίων
894 854 1056 948 κελεόρνεα
1084 857 1255 942 λαμβάνειν
1272 867 1358 943 χρυ-5

263 957 341 1050 σίου
367 953 530 1040 μυριάδας
558 955 633 1022 δέκα
662 951 744 1023 οόστε
772 953 859 1042 ἔχειν
878 954 916 1024 ἔτι
932 982 967 1024 τε
990 957 1110 1024 τούτων
1134 950 1342 1024 satiaberis

269 1056 378 1136 ἰδίων,
417 1051 461 1128 τός
483 1047 640 1138 ὑπίσχετο
650 1105 661 1138 ,
676 1059 681 1076 “
694 1057 885 1143 τριήρειςτε
902 1057 1152 1146 παρασκευάζειν
1169 1053 1228 1122 καί
1245 1053 1282 1122 τό
1296 1079 1342 1136 μι-

270 1150 465 1241 σθοφορικόν
484 1153 612 1240 τρέφειν
632 1151 667 1220 τὸ
691 1157 725 1221 ἐν
744 1155 896 1235 ταύταις.
917 1156 987 1226 ἐπεί
1008 1159 1043 1223 δὲ
1065 1156 1109 1222 τά
1127 1179 1162 1222 τε
1187 1155 1341 1244 γράμματα

270 1252 394 1340 εἰλήφει
420 1249 476 1316 καί
496 1249 552 1338 τήν
579 1247 684 1340 άρχήν
703 1255 919 1344 ἐνεχειρίσθη,
953 1255 1033 1342 πρός
1049 1255 1229 1335 Βυζάντιον
1245 1251 1342 1332 ἐλθόν,

270 1350 311 1419 τά
328 1353 387 1435 μὲν
403 1349 551 1433 βασιλικά
567 1354 739 1439 γράμματα
761 1356 800 1422 οὕ
818 1361 995 1444 παρέσχετο
1016 1353 1286 1440 ἀναγινώσκεσθαι
1303 1353 1375 1418 όιίῐθ

271 1451 453 1536 ἓκκλησάις,
486 1449 531 1528 ὥς
548 1445 589 1517 όν
612 1453 723 1519 εἰδεῖεν
740 1453 855 1533 πάντες
878 1455 922 1534 σός
935 1457 990 1543 τῆς
1011 1454 1086 1542 περί
1105 1448 1230 1532 αότοός
1241 1449 1348 1525 &mitt

270 1547 320 1636 εἴη
336 1549 392 1615 καί
410 1552 596 1635 κηδεμονίας
614 1556 769 1634 βασιλέως
789 1553 808 1620 ό
826 1554 938 1632 στόλος
962 1554 1055 1640 ἔργον
1076 1551 1113 1619 ἔν
1131 1575 1166 1620 τε
1189 1555 1252 1619 τάν
1271 1556 1348 1636 βασι·

275 1651 372 1716 λιιοόν
390 1648 564 1737 χρημάτων
588 1651 607 1737 ἡ
627 1651 769 1739 δαπάνη,
800 1656 855 1722 ἵνα
874 1658 930 1720 καί
948 1650 969 1740 ή
993 1648 1138 1741 εόφημία
1159 1656 1231 1720 cair
1243 1651 1348 1716 πολλάν

277 1752 335 1820 καί
348 1746 365 1815 ὃ
379 1746 508 1828 ἔπαινος
520 1749 602 1838 πρός
613 1757 747 1835 βασιλέα
764 1747 795 1844 ᾗ.
836 1753 916 1820 cilici
939 1757 1043 1821 ταῦτα
1065 1753 1126 1835 μὲν
1147 1751 1282 1840 άφανείρ
1298 1771 1347 1812 πο-

244 1849 425 1937 Ιλρεδίδου,·
466 1847 561 1928 αάτός
587 1852 623 1915 δὲ
644 1848 683 1917 τά
705 1855 765 1935 μὲν
790 1849 938 1938 βασιλικά
966 1850 1120 1940 χρήματα
1139 1849 1230 1936 παρά
1249 1851 1306 1914 τάν
1321 1839 1381 1910 riti

175 1954 209 2012 V.
220 1955 271 2009 aba
282 1947 418 2034 δημόσια
438 1949 638 2036 πρεπόντων
660 1953 831 2034 λαμβάνων
856 1951 982 2040 νρόφα,
1015 1949 1138 2016 οἴκοθεν
1164 1952 1201 2015 δὲ
1225 1950 1351 2034 άναραν·

276 2045 333 2113 δόν
346 2047 641 2135 μεταπεμπόμενος,
672 2051 808 2137 ἐπλήρου
829 2050 888 2128 τάς
909 2051 1059 2138 τριήρεις.
1081 2041 1181 2130 ε’ξοόν
1200 2044 1352 2125 αδτόςμὲι

275 2147 413 2233 ἐθηρᾶτο
429 2144 486 2231 τήν
505 2149 599 2228 δόξαν
616 2141 776 2238 τήνπαρά
792 2151 848 2216 τοῦ
867 2149 1022 2236 πλήθους,
1039 2152 1096 2214 καί
1114 2145 1216 2224 πολάς
1240 2139 1278 2232 ήν
1294 2137 1353 2232 ᾀδό-

275 2267 369 2326 μενος
382 2243 469 2328 παρά
494 2247 590 2312 πᾶσιν
606 2249 650 2326 άς
663 2253 727 2314 τῶν
741 2247 861 2315 οἰκείων
878 2249 917 2313 osi
941 2245 1126 2336 φειδόμενος
1146 2237 1226 2312 οὔτε
1245 2237 1355 2328 χρημά-

277 2365 343 2406 των
362 2333 433 2406 οὔτε
457 2340 559 2410 πόνων
581 2345 662 2432 όπὲρ
679 2349 741 2412 τῶν
765 2349 851 2433 κοινῇ
870 2343 1132 2412 λυσιτελούντων.
1175 2349 1301 2428 βασιλεῖ
1318 2339 1385 2418 reo

280 2433 385 2526 ὥσπερ
407 2437 500 2522 εἰκός,
521 2443 741 2530 προσετρίβετο
761 2441 820 2530 τήν
839 2447 964 2528 με’μψιν
985 2442 1041 2510 καί
1053 2441 1110 2508 τόν
1125 2439 1301 2527 μιηηυσμόν
1312 2433 1355 2502 τόν

278 2536 368 2625 παρά
388 2539 451 2604 τοῖν
470 2543 595 2606 πολλῶν
624 2541 668 2621 air
688 2546 751 2608 sois
770 2541 1016 2608 λυσιτελοάντων
1044 2539 1198 2627 όπηιιόοις
1217 2535 1357 2626 asperula

279 2643 458 2729 ποιουμένῳ
479 2638 639 2726 πρόνοιαν.
681 2637 767 2726 ὅμως
788 2643 824 2708 δὲ
843 2641 1013 2728 πληροόσας
1032 2638 1087 2718 τὰς
1108 2638 1251 2727 τριήρεις
1269 2635 1358 2720 περιέ·

279 2745 396 2806 πλεοσε
415 2736 474 2816 τάς
493 2738 607 2825 νήσους
625 2744 723 2828 μέχρι
743 2741 846 2824 Χίου,
881 2739 938 2806 καί
963 2739 1054 2808 όννία
1081 2738 1179 2805 ναυσί
1198 2739 1359 2823 Περσικαῖς

283 2909 451 2980 colloquium
469 2911 555 2974 istuc,
572 2909 622 2962 ubi
643 2917 746 2964 certum
765 2911 835 2974 fuit,
854 2907 1015 2980 Apocaueho
1025 2907 1148 2976 Byzantii
1167 2907 1358 2974 insularumque

281 2980 478 3048 praefecturam
495 2997 557 3034 curn
577 2998 670 3034 eurum
688 2981 866 3050 vectigalibus
885 2983 1074 3042 committere,
1093 2981 1303 3032 instrumentum
1318 2975 1360 3022 in·

282 3051 415 3119 peratoris
433 3053 544 3104 nomine
558 3051 712 3104 coniectum
728 3061 786 3114 est,
805 3067 859 3121 quo
878 3051 927 3102 ille
945 3051 1037 3102 classis
1055 3056 1150 3102 contra
1167 3049 1262 3100 Persas
1279 3044 1359 3096 ductu

285 3119 479 3190 designabatur
507 3131 535 3176 et
554 3122 588 3174 sle
615 3123 720 3174 aerario
738 3129 848 3173 centurn
866 3137 1009 3172 aureorum
1026 3120 1114 3172 millia
1131 3135 1241 3172 sumere
1258 3112 1360 3168 iubeba-

283 3197 344 3253 tur,
363 3199 394 3242 ut
411 3189 477 3244 hinc
493 3199 523 3248 et
542 3209 576 3244 ex
593 3193 726 3261 propriis,
750 3191 825 3262 quod
840 3190 1040 3260 pollicebatur,
1065 3195 1191 3243 triremes
1209 3186 1361 3264 comparati

285 3275 317 3311 ac
340 3263 512 3316 mercenariis
537 3263 673 3318 militibus
697 3260 732 3313 de
757 3263 830 3312 victu
854 3259 1017 3328 provideret.
1066 3260 1115 3312 llio
1132 3260 1235 3312 litteris
1257 3259 1358 3323 acceptu

286 3338 315 3382 ct
339 3331 537 3399 praefecturam
556 3340 737 3394 consecutur,
760 3331 916 3398 Byzantium
934 3332 1026 3382 venit:
1053 3347 1105 3382 nee
1124 3347 1169 3382 eas
1189 3331 1221 3382 isa
1240 3331 1359 3382 convenit!

283 3400 410 3470 legendas
429 3401 566 3466 exhibuit,
586 3412 617 3456 ut
636 3419 730 3456 omnes
748 3410 869 3465 nossent,
887 3403 998 3454 classem
1016 3400 1209 3470 imperatoriae
1234 3415 1294 3468 erga
1308 3395 1359 3474 illo}

284 3469 496 3524 benevolentiae
513 3490 545 3525 ac
562 3473 744 3527 solicitudinis
762 3489 831 3542 opus
850 3489 917 3536 esee,
935 3479 1128 3541 sumptumque
1145 3469 1181 3522 de
1203 3471 1360 3539 imperatont

284 3543 403 3610 pecunia
422 3543 610 3613 suppeditari:
637 3561 692 3615 quo
709 3543 825 3612 proinde
852 3542 931 3596 illum
956 3541 1050 3612 vulgus
1077 3535 1360 3594 admurmurationibtt

285 3621 315 3669 et
331 3611 458 3668 laudibus
484 3624 709 3684 prosequeretur:
735 3613 784 3666 sed
811 3630 856 3666 eas
884 3613 996 3685 quidem
1015 3611 1177 3664 occultavit:
1203 3611 1264 3680 ipse
1281 3617 1360 3660 cusu

285 3683 475 3753 quaestoribus
493 3684 562 3736 elam
580 3686 722 3754 pecuniam
740 3685 883 3752 acciperet,
901 3684 983 3736 domo
1002 3699 1052 3734 rua
1063 3681 1210 3734 manifeste
1227 3681 1305 3732 aliam
1320 3688 1361 3745 pt·

284 3753 362 3804 tebat
392 3763 420 3806 et
443 3757 566 3808 triremes
585 3753 753 3810 instruebat:
781 3771 812 3808 ac
828 3755 989 3826 popularem
1006 3769 1100 3806 auram
1118 3751 1248 3818 captabat
1263 3761 1361 3816 magno·

283 3839 404 3944 pereque
426 3825 617 3879 celebrabatur
635 3827 669 3878 ab
688 3823 829 3888 omnibus,
857 3826 932 3894 quod
949 3841 1000 3876 nec
1028 3823 1150 3892 pecuniis
1167 3822 1227 3875 auis
1258 3835 1307 3872 uec
1327 3815 1361 3864 lt·

304 3893 397 3948 oribus
421 3896 588 3949 adiuvandae
607 3895 776 3965 reipublicae
799 3911 880 3948 causa
897 3902 1027 3965 parceret.
1063 3894 1161 3944 Contra
1180 3893 1360 3959 imperatorem

282 3972 389 4027 autem,
411 3974 443 4018 ut
468 3977 527 4020 erat
548 3975 774 4027 consentancum,
799 3963 872 4035 apusl
899 3965 1009 4035 plebem
1034 3963 1161 4035 querelae
1179 3968 1359 4025 murmuraqu⁸

284 4034 489 4100 excitabantur,
508 4045 539 4089 ut
556 4038 604 4109 qui
620 4037 805 4090 subiectorum
823 4034 964 4088 commoda
981 4033 1059 4086 nullo
1078 4034 1139 4086 loco
1156 4029 1282 4088 haberet.
1296 4029 1359 4095 Δρο-

284 4103 402 4158 canelaus
428 4107 568 4160 instructis
593 4105 749 4160 triremibus
775 4107 878 4158 insulas
904 4123 991 4176 usque
1009 4103 1108 4156 Cbium
1125 4101 1360 4168 circumnavigare.

285 4191 346 4226 cum
368 4177 524 4230 innovent
548 4177 666 4230 Persicas
695 4178 775 4230 naues
803 4175 960 4238 incidisset,
985 4177 1019 4226 iis
1044 4191 1103 4226 cum
1124 4171 1190 4242 ipsis
1218 4167 1359 4224 sectoribus
