3018 4860
112 353 114 364 ·
168 321 171 326 ’
275 325 359 411 ²7⁰
677 319 956 388 CANTiCumtt

131 482 195 540 m
207 485 272 542 stne
280 477 494 564 ἀπεργάσηται
512 477 636 558 δείσας,
653 475 806 562 στρατιὰν
822 471 1050 558 ἀπολεξάμενος
1066 467 1141 562 όσην
1161 467 1239 565 ᾤετο
1261 467 1357 564 ἀρκέ-

274 600 342 644 σειν
361 573 440 659 πρός
456 573 491 640 τό
522 572 629 661 ἔργον,
656 573 711 660 τὴν
727 570 896 662 ἀκρόπολιν
913 575 1103 661 προσέταξεν
1118 572 1238 654 ἔξωθεν
1254 579 1356 662 φρου-

274 685 359 763 ρεῖν,
376 671 461 752 ὅπως
483 672 592 760 μηδείς
616 678 753 742 εἰσέλθοι
774 677 807 752 ές
839 669 949 760 αότήν.
991 673 1020 738 οῖ
1043 676 1078 740 δὲ
1102 677 1137 740 όν
1155 665 1282 760 ’Φεραῖς
1305 669 1358 740 ότι

274 775 320 851 είς
337 773 567 858 Θεσσαλονικην
593 770 720 858 ἔρχεται
735 769 958 855 πυθόμενοιό
985 770 1152 857 βασιλεός,
1177 773 1357 856 δεήσαντες,

225 953 227 958 ¹
274 869 347 958 ὅπερ
368 873 495 956 ἐγένετο,
508 870 553 958 μη
577 872 663 958 αὐτῷ
684 869 905 960 προσχωρήση,
925 873 1124 958 τριακοσίους
1139 871 1287 956 ἔπεμψαν
1303 876 1377 940 tto

252 971 389 1056 ΰγάδας,
416 967 494 1036 aiore
516 969 574 1055 τήν
587 993 620 1036 τε
638 968 808 1052 ἀκρόπολιν
827 978 995 1053 κατασχεῖν
1009 969 1066 1036 κατ’
1080 979 1145 1047 τοῖς
1161 973 1196 1037 έν
1211 975 1251 1059 τῇ
1267 969 1358 1036 πόλει

273 1071 395 1156 θάρσος
420 1059 597 1154 παρασχεῖν
618 1069 805 1154 ἀντιστῆναι
830 1075 962 1152 paucist
1002 1069 1216 1154 συμβαλόντες
1240 1073 1276 1136 δὲ
1296 1072 1359 1136 αδ-

272 1177 341 1246 τοῖς
365 1165 397 1233 οἱ
416 1167 502 1254 παρὰ
531 1170 685 1250 βασιλέως
704 1167 966 1253 προστεταγμένοι
987 1166 1044 1252 την
1063 1167 1227 1256 ἀκρόπολιν
1254 1191 1360 1256 posu-

275 1277 357 1354 ρεῖν,
374 1265 643 1353 έτρέψαντοκατό
661 1267 772 1354 κρότος
777 1317 787 1348 ,
806 1265 861 1332 καί
874 1264 948 1343 τοός
964 1270 1023 1348 μὲν
1040 1267 1222 1333 ἀπέκτειναν
1239 1269 1359 1350 αὐτῶν,

273 1363 347 1442 τούς
374 1367 409 1431 δέ
439 1359 522 1430 εἷλον
546 1367 674 1445 ζῶντας.
714 1362 863 1448 βασιλεός
885 1366 920 1430 δὲ
946 1363 1016 1429 tusa*
1038 1363 1077 1430 τά
1108 1363 1187 1452 πρὸς
1213 1364 1401 1453 φυλακῆντο

212 1535 223 1556 ,
273 1467 328 1546 τῆς
348 1461 545 1551 ἀκροπόλεως
568 1463 775 1550 έξηρτόσατο,
792 1455 865 1548 ἧκεν
881 1467 925 1540 είς
946 1460 1004 1548 τὴν
1025 1460 1118 1548 ἆγίαν
1137 1462 1232 1552 σορόν
1247 1469 1362 1550 Δημη-

272 1569 361 1650 τρίου
376 1565 435 1628 τοῦ
460 1563 622 1650 μάρτυρος
637 1568 693 1628 καί
720 1561 943 1651 μυροβλότου,
972 1559 1040 1644 ἀμα
1056 1567 1115 1647 μὲν
1135 1564 1362 1652 προσκυνήσων

273 1657 390 1746 αάτόν,
420 1655 475 1750 (ἦν
496 1660 556 1750 γὰρ
581 1663 615 1737 έξ
643 1662 766 1748 ἡλικίας
792 1658 918 1748 πραότης
939 1661 1036 1750 τιμὴν
1064 1663 1150 1751 αὐτῷ
1173 1663 1230 1727 καί
1254 1664 1363 1729 πίστιν

270 1761 369 1828 πλείω
385 1757 407 1847 ἢ
422 1759 502 1826 κατὰ
520 1759 594 1838 τοός
609 1743 722 1837 ἀλλους
737 1759 901 1848 μα’ρτυρας
919 1765 1068 1848 παρέχων
1087 1765 1143 1827 καί
1157 1757 1261 1846 δι’σπερ
1284 1763 1364 1847 έρα-

244 1859 351 1947 λλστης
374 1861 476 1926 antrat
491 1852 577 1948 rim)
616 1855 684 1942 ἅμα
705 1862 741 1924 δὲ
765 1862 892 1945 καὶτῆς
911 1859 1072 1948 παρούσης
1092 1863 1182 1927 ἕνεκα
1208 1857 1405 1945 εότοχίαςι5
1505 1864 1506 1930 l

272 1958 485 2044 ἀμειψόμενος
503 1959 728 2044 εόχαριστίαις.
750 1959 969 2046 προσκυνήσας
995 1962 1031 2024 δὲ
1046 1958 1102 2025 καί
1118 1958 1363 2046 εάχαριοτὴοας,

274 2063 344 2126 έπεί
365 2061 420 2125 καὶ
448 2057 504 2124 τόν
525 2053 607 2123 πόδα
632 2061 668 2124 έκ
694 2062 752 2144 τῆς
782 2056 860 2145 πρὸς
890 2062 1024 2145 Πέρσας
1051 2061 1158 2146 μα’χης
1186 2085 1365 2144 τραυματι-

273 2157 381 2241 σθείς,
404 2160 418 2244 (
428 2159 462 2224 ἔν
478 2161 631 2244 τέσσαρσι
656 2156 712 2222 καί
739 2160 814 2224 δέκα
840 2162 920 2244 μησί
937 2163 1178 2246 θεραπευθῆναι
1201 2159 1259 2222 osis
1279 2159 1363 2242 ἠδυ-

273 2256 374 2343 νήθη,
403 2256 503 2322 πολλοὶ
530 2261 594 2322 τῶν
614 2259 730 2344 ἰατρῶν
757 2259 1106 2344 πραγματευσαμένων,
1134 2256 1214 2322 ἀλλὰ
1242 2281 1360 2344 σφακε-

274 2357 369 2436 λίζων
386 2354 439 2420 ἀεὶ
462 2357 502 2428 οδ,
521 2355 663 2443 φορητός
681 2365 813 2442 παρεῖχε
828 2351 1058 2445 τός’όδόνας,)
1075 2355 1111 2422 τό
1126 2357 1276 2442 ὑπόδημα
1301 2357 1404 2420 isi-ro

275 2479 351 2536 σας,
371 2457 414 2542 τῷ
435 2452 525 2542 μόρῳ
551 2453 655 2540 χρίειν
677 2451 784 2537 ἔμελλε
803 2458 861 2520 τοῦ
886 2453 995 2540 ἀγίου,
1024 2455 1233 2538 ἐνθυμηθείς,
1264 2453 1308 2530 τός
1335 2451 1361 2520 ἀ

273 2551 320 2638 μὴ
350 2550 478 2618 δόναιτο
507 2549 689 2639 ἀνθρωπίνη
707 2556 801 2639 τέχνη
829 2553 885 2619 καὶ
906 2552 1050 2640 σπουδὴ,
1077 2557 1180 2619 ταῦτα
1201 2551 1275 2630 θεός
1294 2565 1363 2631 τοῖς

274 2655 377 2739 ἁγίοις
403 2655 545 2742 μόρτυσι
572 2649 732 2722 δόνασθαι
753 2655 924 2742 παρέσχεν.
974 2654 1044 2722 ἐπεὶ
1070 2657 1106 2721 δὲ
1133 2653 1186 2720 τόν
1217 2678 1251 2719 τε
1279 2653 1363 2720 πόδα

348 2823 388 2876 19,
403 2789 579 2878 eputentur
588 2807 644 2859 ΕΙ).
657 2807 685 2864 P.
697 2823 747 2878 pro
764 2805 964 2878 σφακελλίζιυν.
1008 2810 1013 2818 “

277 2927 376 2990 missa,
399 2928 429 2979 in
455 2942 542 2980 arcem
576 2941 669 2977 manus
695 2926 754 2978 eius
782 2928 1009 2996 expugnationem
1031 2934 1227 2988 remoraretur,
1254 2925 1363 2996 copiam

299 3007 409 3050 uantum
433 2998 558 3050 sufficere
574 2993 756 3048 arbitrabatur
777 2994 880 3066 delegit
897 3013 1010 3066 eamque
1025 2997 1102 3060 ioris,
1121 3013 1156 3050 ne
1173 2999 1216 3048 cui
1231 2998 1363 3050 introitur

278 3016 397 3129 berctus,
416 3068 547 3121 custodiri
562 3067 708 3120 mandarit.
744 3066 801 3136 Qui
819 3067 912 3118 Pheris
927 3067 1091 3130 manebant,
1107 3069 1224 3136 cognito,
1241 3069 1365 3135 inspera-

277 3145 365 3189 torem
383 3135 602 3192 Thessalonicam
621 3152 744 3205 pcrgere,
770 3138 913 3199 timenter,
935 3137 965 3188 id
988 3137 1062 3208 quod
1079 3137 1191 3198 accidit,
1209 3155 1245 3188 ne
1266 3155 1295 3190 sc
1314 3137 1360 3187 iili

279 3207 409 3270 dederet,
426 3213 610 3260 trecentorum
626 3207 713 3256 virum
734 3205 840 3258 delecta
860 3223 973 3276 corpora
997 3209 1125 3270 mittunt,
1149 3209 1197 3290 qui
1220 3215 1248 3259 ct
1270 3218 1363 3258 *cern

278 3283 393 3328 teneant
409 3285 438 3328 ct
453 3276 556 3327 civibus
573 3277 602 3327 in
614 3274 683 3326 urbe
699 3275 734 3327 ad
754 3276 934 3330 resistendum
954 3278 1109 3348 imperatori
1125 3295 1230 3329 ammos
1249 3279 1361 3330 saciant

280 3345 358 3416 Quor
383 3347 430 3416 qui
448 3347 482 3398 ssi
498 3345 566 3397 arcis
591 3344 681 3396 aditus
699 3347 844 3399 servandos
865 3347 960 3400 selecti
982 3355 1076 3411 erant,
1102 3349 1202 3400 colioto
1216 3346 1305 3417 pede,
1332 3347 1363 3398 ri

282 3423 311 3468 et
328 3418 430 3468 virtute
444 3416 473 3468 in
485 3415 575 3485 sugam
588 3415 795 3484 compulerunt;
822 3425 850 3469 et
868 3417 937 3470 alios
957 3417 1067 3490 quidem
1085 3417 1263 3479 occiderunt,
1291 3418 1363 3470 aiios

279 3485 355 3539 vivos
371 3495 509 3556 ceperunt
529 3485 692 3538 Constitutis
710 3501 780 3570 quae
793 3487 828 3538 ad
844 3489 913 3539 arcis
933 3489 1083 3540 custodiam
1099 3487 1284 3558 pertinebant,
1306 3488 1362 3538 im-

279 3565 391 3628 perator
412 3557 447 3610 ad
471 3565 592 3610 ssuctum
611 3556 743 3608 Demetrii
771 3560 896 3626 martyris
914 3565 942 3610 et
960 3559 1142 3626 myrobiytue,
1171 3557 1200 3610 id
1221 3567 1278 3620 cst,
1304 3575 1361 3609 nn-

281 3635 411 3698 gocntum
434 3629 620 3690 scaturientia,
638 3625 823 3698 conditorium
835 3630 981 3698 processit,
999 3629 1080 3680 simul
1101 3637 1132 3680 ut
1151 3627 1278 3697 precibus
1295 3643 1363 3678 cuns

278 3707 469 3760 veneraretur,
488 3701 590 3769 quippe
605 3713 685 3768 quem
706 3715 721 3750 a
739 3715 824 3766 puero
844 3715 908 3768 prse
928 3699 987 3752 aliis
1011 3697 1173 3766 martyribus
1195 3697 1363 3760 honorabat,

280 3775 310 3820 ct
332 3771 393 3838 plus
413 3771 442 3820 iu
460 3785 493 3820 eo
516 3770 575 3838 spei
594 3767 758 3836 reponebat,
789 3767 870 3838 quam
895 3770 924 3822 in
948 3769 1060 3832 ceteris,
1085 3771 1262 3838 impensoque
1280 3768 1362 3820 ilium

281 3836 427 3908 diligebam
460 3839 541 3890 simul
566 3845 597 3888 ut
623 3837 713 3889 eidem
737 3841 835 3908 gratias
863 3838 897 3891 de
918 3839 1009 3892 oblata
1032 3839 1164 3892 felicitate
1187 3838 1362 3908 rependeret.

279 3907 389 3962 Peracto
403 3919 537 3980 utroque,
557 3909 685 3978 quoniam
699 3911 781 3960 etiam
792 3910 890 3980 pedem
905 3912 934 3962 in
957 3909 1083 3962 conflictu
1107 3927 1168 3962 cum
1188 3909 1276 3961 Persis
1296 3908 1362 3958 rui-

279 3987 405 4040 ncratus,
424 3978 630 4050 quatuordecim
649 3978 788 4031 mensibus
811 3981 899 4032 curari
921 3997 976 4032 nou
995 3986 1118 4053 poterat,
1142 3979 1227 4030 muita
1245 3975 1363 4030 medicis

279 4049 384 4100 auxilia
399 4050 496 4102 frustra
510 4048 731 4118 experientibus,
750 4048 798 4100 scd
825 4067 857 4102 eo
876 4051 1008 4120 paulatim
1026 4049 1197 4110 tabescente,
1216 4046 1364 4100 doloribus

280 4118 460 4172 intolerandis
478 4118 663 4184 cnrciabstur3
682 4119 772 4171 soiuto
789 4121 893 4183 calceo,
912 4123 997 4172 sancti
1015 4129 1153 4191 unguento
1175 4119 1254 4171 ilium
1275 4133 1360 4186 pars—

280 4188 330 4242 bst
342 4191 487 4260 periinere,
505 4191 545 4243 ita
563 4205 653 4242 secnm
668 4189 787 4250 volvens,
805 4207 874 4260 quae
889 4207 931 4242 nrs
945 4189 1063 4243 hnmana
1076 4200 1105 4244 et
1120 4188 1241 4243 studium
1259 4189 1365 4258 nequi-

282 4267 358 4327 rent,
376 4262 520 4348 csplicum
541 4261 642 4317 sanctis
664 4259 828 4327 martyribus
843 4276 921 4331 porse
943 4260 1099 4317 concedere.
1136 4259 1243 4318 Abistir
1265 4257 1365 4313 tucis·
