2918 4846
442 327 735 409 nssrosstluuss
763 349 805 412 n.
828 348 880 418 3ο.
1128 323 1156 408 5
1162 353 1211 437 ¹9

64 521 68 534 ·
126 489 244 578 dsdyssv
262 493 298 561 έν
316 487 422 586 ύδείρ,
443 497 514 564 ούδ’
534 488 618 562 uisu
639 497 881 578 λυσιτελούντως
901 504 1015 589 σφίσιν
1036 495 1146 580 adroic
1168 495 1358 592 dedicato

126 591 258 658 ἐδοκεῖτε
276 597 507 679 βεβουλεῦσθαι
526 591 615 683 παρὰ
636 601 838 686 σωφρονοῦσι
858 597 912 666 διδ
932 598 990 686 τὴν
1006 601 1211 688 γεγενημένην

125 692 263 778 βλάβην·
301 697 374 760 vovi
401 695 436 760 δὲ
462 695 633 780 συμβαίνει
662 694 822 783 δεινότερα
850 698 1017 767 πείιτεαθαι
1036 699 1210 788 προσδοκᾷν

123 787 345 876 ύπαρξύντων.
386 793 423 859 ού
442 792 503 882 γὰρ
525 793 629 878 ἔστιν,
659 792 717 860 ούκ
737 793 823 862 ἔστιν
843 797 955 879 οὐδὲν,
982 801 1013 864 εί
1029 794 1074 882 μή
1095 820 1127 862 τι
1148 824 1210 864 πα-

106 888 257 974 opesopes
275 895 310 970 έξ
329 896 468 982 ούρανοῦ
495 896 573 982 πρὸς
600 895 758 982 σωτηρίαν
787 897 865 980 ύμῖν
893 896 1073 983 πραχθείη,
1114 893 1210 963 ύτού

125 995 300 1078 πολιορκεῖν
320 993 405 1079 ἡμᾶς
424 999 524 1062 πείσει
544 995 764 1079 ἀποσχέσθαι,
785 992 866 1062 aiore
886 993 967 1073 εἰκὸς
986 993 1064 1083 aspie
1084 999 1124 1084 τῇ
1141 997 1209 1080 χού-

125 1113 166 1178 ρρ
184 1092 241 1156 καῖ
257 1091 316 1178 τὴν
335 1091 427 1159 πόλιν
453 1095 541 1177 ύμοῖς
560 1103 782 1182 προσαπολεῖν.
821 1099 979 1180 θαυμάζω
1000 1099 1035 1162 δὲ
1055 1094 1157 1180 ύμῶν,
1178 1097 1237 1164 elc

125 1195 190 1266 τοῖς
210 1189 319 1268 αύτοῖς
336 1187 358 1277 ἢ
378 1191 434 1258 καί
449 1195 576 1276 μείζοσι
596 1202 702 1272 κακοῖς
717 1193 894 1278 ένεχύμενοι
910 1195 1052 1280 Ῥωγίοις
1067 1194 1122 1260 καί
1134 1197 1212 1278 μέλ-

125 1293 229 1363 λοντες
256 1287 312 1354 ύπ’
341 1291 477 1378 ἀνάγκης
497 1287 569 1360 ὅσον
600 1295 726 1360 ούδέπω
745 1299 875 1376 βασιλεῖ
889 1303 1088 1382 προσχωρεῖν
1108 1295 1213 1374 edroi,
1259 1373 1264 1386 Ι

89 1386 165 1454 socci
183 1385 281 1470 μόνον
306 1384 363 1454 ούκ
384 1393 538 1459 έααινεῖιε
570 1389 614 1470 ὥς
639 1395 742 1469 καλοῖς
771 1395 827 1458 καί
845 1393 1068 1480 συμφερόντως
1088 1389 1214 1468 ἑαυτοῖς

124 1489 399 1572 βεβουλευμένους,
421 1485 471 1556 ὅτι
484 1491 558 1578 πρίν
569 1495 614 1570 εἰς
628 1490 763 1577 ἔσχατον
783 1489 928 1557 κινδύνου
950 1489 1036 1576 ἥκειν
1056 1489 1214 1577 σωτηρίαν

126 1583 182 1650 καί
198 1578 355 1673 ὠφέλειαν
375 1589 561 1673 ἐπορίσαντο
582 1587 706 1668 ἑαυτοῖς
726 1593 761 1656 ἐκ
781 1593 837 1676 τῆς
856 1593 1043 1676 μεταβολῆς,
1064 1587 1144 1656 ἀλλὰ
1160 1589 1216 1652 καῖ

125 1675 234 1767 ύβρεις
254 1689 424 1769 καταχέετε
438 1688 545 1754 αύτοῖν
565 1687 694 1772 πολλαὶς,
712 1684 763 1754 ὅτι
784 1689 821 1754 ού
837 1693 892 1776 τῆς
911 1689 1007 1773 αὐτῆς
1022 1689 1100 1771 ύμῖν
1115 1689 1215 1772 ἄβου-

126 1783 196 1859 λίας
211 1786 329 1850 ελλοντο
339 1781 421 1850 εἶναι
433 1787 583 1853 κοινωνοί.
605 1789 707 1854 καίτοι
717 1791 880 1872 σκέψασθε
890 1788 933 1864 οἷς
948 1781 1018 1854 asise
1034 1789 1140 1852 δίκαια
1158 1779 1216 1852 ού-

89 1884 163 1948 τὸτε
176 1883 380 1969 συμφέροντα
396 1877 470 1950 ούθ’
483 1881 609 1964 ἑαυτοῖς
624 1880 696 1952 οὔτε
711 1897 777 1964 τοῖς
791 1883 898 1963 ἄλλοις
917 1883 1105 1973 Ἀκαρνύσιν
1122 1884 1218 1951 attat

124 1991 240 2046 ποιεῖτε
260 1984 317 2067 τῆς
337 1982 434 2069 αὐτῆς
453 1984 601 2068 ἐχόμενοι
621 1986 752 2064 ἑννοίας.
785 1987 881 2052 αύτοί
895 2011 930 2051 τε
950 1985 1009 2073 γύρ
1032 1984 1215 2050 davidicae

126 2082 360 2166 διαφθαρέντες
381 2080 518 2148 rinbeuri
537 2089 687 2168 πολέμου,
714 2089 769 2152 καί
786 2091 858 2164 ταῖς
878 2078 988 2161 ἄλλαις
1008 2081 1118 2150 πόλεσι
1138 2080 1242 2166 esd-n

124 2185 184 2264 βης
203 2173 241 2242 ού
259 2179 392 2266 μετρίας
412 2179 508 2248 αἴτιοι
529 2187 707 2270 κατέστησε,
729 2185 881 2270 καίτοιγε
902 2186 979 2268 ύμῖν
998 2185 1154 2268 βασιλέως
1176 2175 1214 2248 ού

125 2279 390 2358 συναποστοὶσαις.
429 2281 564 2369 στρατια
584 2281 643 2370 γὰρ
666 2287 721 2351 ἐπί
740 2288 828 2370 ξένης
849 2284 1057 2369 διατρίβουσα
1080 2281 1136 2347 καί
1153 2280 1217 2364 μύ-

82 2382 217 2446 νολιοτα
236 2377 373 2466 τοσαύτη
392 2377 448 2465 την
467 2385 526 2464 μὲν
547 2381 702 2464 πολεμίαν
722 2387 819 2471 κείρει
840 2379 999 2472 ἀφειδῶς·
1039 2382 1074 2446 έκ
1101 2383 1136 2445 δὲ
1163 2383 1218 2466 τῆς

126 2477 329 2561 συμμαχίδος
348 2479 404 2544 καί
422 2481 539 2559 οἰκείας
557 2487 752 2570 τρεφομένη,
783 2483 872 2568 λιμὸν
900 2484 983 2570 αύτῇ
1004 2478 1165 2568 αἰφνίδιον
1184 2481 1219 2546 έ-

197 2648 241 2685 ao.
263 2631 313 2685 Pro
332 2630 364 2685 lx
379 2633 520 2704 legebatur
537 2634 582 2702 έν,
600 2635 676 2706 quod
695 2655 763 2695 corr.
781 2635 824 2690 ed.
841 2635 877 2690 V.

127 2753 183 2806 elic
215 2769 401 2825 quaecumque
431 2753 522 2808 clades
543 2755 690 2820 afflixerit,
715 2773 772 2808 non
801 2763 842 2808 est
867 2749 975 2806 lucile'
995 2753 1167 2824 Quamquam
1192 2753 1217 2806 si

128 2827 246 2878 maxime
264 2823 368 2888 liceret,
387 2825 467 2878 nobis
485 2827 578 2896 aliquo
598 2825 678 2878 modo
697 2825 842 2878 obsidione
858 2824 989 2892 depulsis,
1007 2839 1101 2876 secure
1117 2823 1217 2886 virere,

128 2897 223 2948 neila
242 2893 352 2966 quidem
379 2893 415 2947 ob
442 2903 552 2965 accepta
570 2896 668 2948 damna
686 2896 816 2949 videlicet
844 2895 921 2948 vobis
943 2895 1010 2964 ipsis
1027 2893 1134 2944 utiliter
1151 2909 1218 2946 con-

127 2965 261 3030 suluisse,
277 2981 292 3022 a
311 2965 480 3035 sapientibus
500 2965 671 3019 videremini.
707 2967 791 3038 Atqui
818 2967 938 3037 graviora
961 2963 1097 3034 prioribus
1115 2961 1145 3013 in
1167 2979 1218 3032 po·

128 3043 232 3088 sterum
259 3035 440 3104 exspectanda
465 3045 536 3090 sunt
576 3035 638 3088 Non
667 3039 740 3090 enim
760 3045 817 3100 cst,
844 3053 900 3089 uon
925 3041 982 3098 est,
1008 3035 1139 3104 inquam,
1164 3032 1220 3084 nisi

128 3105 198 3178 quid
217 3113 324 3174 praeter
340 3107 498 3175 opinionem
523 3105 558 3158 de
576 3105 652 3158 eaelo
679 3107 847 3160 adsalutem
876 3113 991 3157 vestram
1019 3099 1219 3172 expediendam

128 3177 297 3246 impetretis,
316 3175 391 3247 qnod
407 3195 456 3228 nos
474 3177 508 3229 ab
528 3179 730 3248 oppugnatione
750 3176 927 3230 revocaverit:
952 3181 983 3230 ut
1004 3193 1051 3228 vos
1070 3190 1131 3226 cuns
1155 3189 1218 3244 egro

128 3245 227 3298 urbem
246 3263 357 3316 quoque
375 3248 519 3300 amissuros
538 3248 684 3300 verisimile
706 3249 761 3301 liat
796 3247 882 3300 Miror
908 3255 1012 3309 autem,
1039 3243 1130 3330 quod,
1158 3261 1220 3296 cum

129 3315 229 3370 iisdem
253 3317 295 3366 vel
312 3317 480 3388 gravioribus
500 3320 581 3372 etiam
601 3319 678 3370 malis
695 3337 776 3390 quam
794 3317 891 3387 Rbogii
912 3316 1092 3368 cx'crcesmsui
1118 3322 1146 3366 ct
1168 3330 1218 3368 ve·
1283 3367 1286 3374 ,

128 3387 190 3441 litis
209 3387 310 3448 nolitis,
323 3389 482 3458 propediem
500 3391 530 3442 in
549 3391 719 3460 imperatoris
738 3391 780 3440 ins
799 3407 830 3440 uc
843 3395 1003 3458 potestatem
1021 3385 1130 3439 venturi
1146 3381 1218 3449 sitis,

129 3475 188 3510 non
207 3457 294 3509 solum
314 3476 374 3522 eos,
391 3459 435 3528 (ut
450 3460 566 3530 quisuis
579 3459 731 3513 redonibus
746 3459 817 3512 bene
831 3455 1001 3531 honesteque
1016 3458 1217 3528 prospexerint,

128 3529 197 3582 dum
226 3536 371 3600 antequam
391 3531 419 3581 in
448 3539 597 3582 extremum
632 3529 825 3582 dcluberentur
852 3528 1016 3590 discrimen,
1044 3529 1159 3580 salutern
1189 3533 1219 3578 et

127 3598 302 3652 commodum
318 3601 427 3652 consilii
443 3601 594 3654 mutatione
621 3600 675 3652 sibi
700 3600 905 3670 quaesierunt)
927 3617 983 3652 non
1006 3595 1221 3658 commendctis,

129 3668 181 3722 sed
197 3669 296 3721 multas
318 3671 410 3738 potius
430 3671 608 3723 contumelias
627 3673 656 3721 in
675 3671 746 3739 ipsos
773 3667 940 3731 effuderitis,
967 3670 1033 3740 quia
1059 3665 1219 3718 temeritatis

128 3755 164 3792 sc
181 3739 315 3792 stultitiae
332 3749 437 3792 vestrae
455 3741 522 3792 socii
546 3757 604 3792 esse
629 3741 784 3794 noluerunt.
820 3739 855 3791 As
878 3741 951 3794 enim
982 3737 1126 3796 intuemini
1149 3751 1220 3804 pau-

128 3809 233 3878 lisper,
252 3827 332 3894 quam
353 3811 456 3882 iniqui,
490 3828 570 3882 quam
589 3810 712 3863 damnosi
739 3817 768 3862 ct
788 3809 923 3863 vobismet
954 3809 1020 3878 ipsis
1047 3814 1075 3858 et
1105 3805 1220 3875 reliquis

127 3881 318 3935 seruandus
338 3881 415 3943 sitis,
442 3881 506 3932 dum
524 3882 554 3934 in
581 3881 634 3934 bac
656 3879 818 3950 cogitatione
844 3881 998 3951 persistitis.
1034 3877 1091 3944 ipsi
1117 3877 1220 3947 quippe

128 3949 208 4004 bello
230 3951 383 4020 consumpti
401 3951 531 4022 periistis,
550 3959 578 4004 et
594 3951 655 4004 aliis
671 3951 789 4022 oppidis,
806 3951 915 4004 tametsi
933 3948 1096 4001 delectionis
1115 3953 1221 3999 vestrae

125 4019 205 4075 haud
232 4021 425 4090 participibus,
454 4029 619 4074 nocumenta
650 4039 707 4074 non
734 4023 854 4092 vulparia
879 4018 1030 4073 invenistis.
1080 4016 1221 4071 Exercitus

129 4093 206 4144 enim
225 4109 256 4146 ac
276 4095 435 4162 praesertim
454 4101 561 4156 tantus,
581 4094 609 4146 in
627 4101 719 4146 extem
740 4095 851 4163 regione
869 4091 992 4152 haerens,
1010 4087 1129 4141 bostium
1145 4105 1222 4156 egros

128 4162 520 4233 inclementerdepopulatur.
557 4163 606 4216 Sin
626 4171 717 4216 autem
746 4181 762 4216 c
789 4163 924 4216 sociorum
953 4177 1055 4230 suaque
1083 4157 1223 4229 provincia

128 4232 291 4292 alimonium
308 4233 408 4306 capiat,
427 4235 600 4308 repentinam
618 4233 661 4290 illl
680 4233 779 4288 samem
797 4229 912 4292 inducit.
947 4231 1033 4304 dgitis
1059 4247 1142 4303 porro.
1166 4227 1221 4282 ini-
