2946 4872
332 329 588 396 musano
618 331 887 399 stemmata
1029 335 1148 402 lm

83 498 127 570 est,
141 487 240 572 globos
256 491 391 554 bostium
408 511 485 576 quos
503 487 618 572 equites
637 500 774 572 oporteat
793 511 917 574 ponere.
958 489 1038 552 Hinc
1049 489 1150 552 Drun-

77 571 1149 720 tittttmss‘bssffitdffl’atttt'ttttttbitsstt

77 739 183 816 arudes
200 743 357 802 Turcicose
406 742 504 818 Dico,
520 739 628 802 Turris
641 739 800 821 Agelarics
813 760 877 802 esse
888 760 943 802 sua
956 739 1079 822 lingue,
1094 742 1148 822 qui

77 823 184 884 Graecis
198 835 284 885 erant
303 824 353 886 vel
371 825 557 906 Dmmgmfi,
586 822 636 886 uel
657 824 820 884 Dmncarii
842 824 955 904 potiris.
1001 823 1064 884 Eos
1084 823 1148 884 Leo

75 904 184 988 Sapiens
196 907 354 990 Augustm
367 909 399 968 in
414 907 509 968 Libro
526 927 582 966 suc
602 905 640 968 de
657 906 851 990 apparatibus
867 904 982 966 bellicis
1000 907 1098 988 capite
1116 907 1149 968 ὅ.

75 1007 150 1050 uum.
165 988 216 1069 42.
235 989 289 1069 43.
312 988 365 1070 45.
389 988 463 1051 olim
483 990 580 1051 dictos
601 989 692 1050 fuisse
713 989 806 1050 tradit
826 987 1038 1066 Cbiliarcbua,
1067 989 1151 1067 quod

76 1071 206 1134 militibus
223 1072 308 1138 mille
318 1083 505 1156 praeessent:
522 1081 552 1134 et
565 1072 715 1135 dmncum
730 1071 949 1137 chiliarcbiam.
971 1072 1071 1132 Latini
1083 1069 1153 1130 Chi-

76 1153 190 1217 b'ambca
203 1157 356 1220 vocabant
368 1158 519 1236 tribunos,
539 1157 591 1240 qui
611 1178 693 1222 nunc
710 1155 850 1220 colonelli
868 1165 950 1218 sunt.
991 1154 1152 1216 Dmncum

76 1241 204 1316 {sicanim
248 1241 444 1304 renuntiabat
468 1237 667 1324 Zygcmalas,
689 1251 720 1302 et
740 1240 956 1317 Druncarium‚
976 1257 1038 1298 nou
1052 1236 1152 1298 nnm-

75 1341 151 1463 pum,
170 1323 219 1384 rel
258 1327 447 1408 rangerium,
470 1321 553 1406 quud
567 1323 659 1406 urigo
676 1323 740 1384 fieri
752 1321 836 1402 solet)
856 1325 899 1384 sic
912 1317 1095 1404 appeliatum
1107 1341 1152 1382 ar·

97 1408 166 1468 itrcr
180 1427 197 1467 a
211 1418 317 1470 nuncu
337 1410 402 1470 sive
425 1405 534 1470 baculo
549 1408 614 1470 sive
628 1417 756 1488 sceptra:
821 1403 1034 1468 emadmudum
1052 1403 1154 1466 bodie·

114 1491 341 1572 eregimeutum
362 1511 507 1554 vocamus
534 1500 599 1552 tam
626 1491 721 1572 ipsius
746 1491 786 1550 tri
808 1491 862 1550 uni
886 1486 1029 1551 baculum
1050 1489 1153 1564 (vitem

75 1508 1154 1740 irreatrimzeztsuumsmat

76 1679 259 1819 rqimeutisin
281 1744 458 1822 requiritur.
502 1739 635 1822 ideoque
654 1699 780 1802 nuncius
795 1747 841 1798 est
857 1739 1057 1818 regimentum
1079 1733 1156 1794 mili·

76 1827 149 1900 tum,
169 1826 254 1888 cuius
275 1834 367 1906 caput
396 1835 441 1886 est
456 1823 663 1904 Druncam'us,
690 1821 765 1884 oiim
782 1819 952 1900 Tribunus,
969 1837 1051 1885 nunc
1069 1815 1157 1878 Colu-

76 1901 160 1970 aelius
177 1918 229 1968 aut
247 1909 407 1990 regimenti
423 1906 601 1990 praefectus.

146 1987 255 2070 Μέγας
269 1983 488 2072 ἓταιριάρχης,
505 1989 643 2068 Magnas
659 1987 841 2054 reddituris
859 1987 1023 2073 princeps.
1066 1984 1157 2048 Ante·

77 2089 184 2150 ,qum
206 2071 285 2136 cella
307 2093 362 2139 sua
376 2077 542 2154 imperatur
556 2081 652 2150 exeat,
673 2072 932 2154 pmtcvcstiarites
954 2072 1039 2132 adest
1054 2069 1086 2130 iu
1104 2071 1158 2132 tri-

76 2151 155 2215 clinio
168 2176 237 2216 cum
251 2177 363 2239 magno
376 2153 584 2216 hetaeriarcba
604 2164 635 2214 et
651 2155 824 2238 primicerio
848 2153 947 2216 aulae.
989 2155 1157 2236 Postquam

76 2254 138 2297 vero
150 2259 282 2322 egressus
303 2251 350 2302 est
370 2249 401 2300 ct
412 2240 547 2306 constitit
563 2235 748 2320 imperatur,
763 2237 925 2320 ,egrediens
938 2237 1158 2320 protovestiari-

76 2327 113 2379 tea
124 2326 243 2384 arcersit
257 2323 504 2386 honoratissimos
516 2323 668 2404 principes
681 2321 721 2384 ad
748 2323 1036 2384 circumsisionem.
1077 2321 1159 2401 Lege

74 2413 174 2467 cetera.
212 2407 255 2469 Et
268 2407 367 2470 intrat
412 2407 470 2470 Hic
484 2425 559 2466 veru
573 2406 683 2488 exeipit
706 2406 797 2466 etiam
810 2405 951 2488 perfugas
964 2403 1159 2468 advenientes

75 2491 308 2572 assumpsere,
324 2511 359 2553 ac
378 2499 539 2572 propterea
554 2488 645 2552 ctiam
658 2487 880 2556 betacriarchea
901 2489 1089 2566 nominatur,
1111 2505 1159 2548 ve·

75 2563 116 2630 lut
132 2561 274 2654 ἑταίρους
288 2575 356 2637 sive
368 2575 481 2636 amicos
494 2573 655 2654 excipiens.

147 2651 320 2736 Βάραγγοι,
340 2656 492 2736 Barangi.
533 2655 570 2716 ln
585 2655 660 2717 festo
676 2675 819 2720 occursus
835 2653 1083 2739 (purificationis)
1104 2653 1161 2714 dis·

75 2733 149 2796 cedit
167 2739 329 2820 imperator
347 2741 381 2803 ia
404 2737 642 2802 blachernarum
671 2739 839 2823 templum,
871 2740 1016 2822 Barangis
1039 2757 1160 2820 quaque

13 2889 18 2910 .
75 2821 272 2899 sequentibus.
290 2907 294 2914 ι
312 2822 415 2906 Atque
427 2819 462 2884 bi
480 2820 604 2920 quidem
619 2821 734 2905 ubique
747 2825 961 2906 imperatorem
976 2823 1161 2904 equitantem

75 2901 600 3068 flammascit-*itaer
609 2907 1161 3070 eucaristiam

77 3069 232 3214 ffietbm
246 3082 318 3134 aute
329 3069 398 3134 iiius
418 3071 630 3156 imputaturum
647 3071 829 3154 sequebatur
849 3081 880 3132 et
902 3069 971 3132 ideo
985 3059 1162 3141 ἀκόλουθος

174 3166 234 3216 tur.

152 3237 342 3320 Πιγκέρνης,
364 3235 535 3315 Panaima,
566 3259 585 3300 a
608 3237 737 3322 poculis.
787 3237 924 3319 Qucdsi
949 3237 1161 3318 imperatorem

81 3329 187 3398 eportet
199 3321 317 3397 bibere,
338 3321 484 3403 pincerna
499 3322 649 3384 ministrat
661 3321 750 3384 illud:
766 3341 802 3384 ac
816 3341 880 3384 non
896 3319 1003 3382 diebus
1020 3319 1102 3381 festis
1118 3340 1162 3380 so·

81 3397 149 3480 lum,
168 3425 275 3468 rerum
289 3405 381 3466 etiam
397 3423 517 3484 semper
543 3405 726 3488 imperatore
755 3405 857 3466 cibum
880 3413 1017 3466 sumente
1037 3403 1161 3479 muca,

80 3484 104 3542 ti
117 3505 248 3565 praesens
264 3499 322 3551 est.
365 3487 413 3548 Ac
428 3495 531 3547 vetere
546 3489 670 3571 quidem
683 3507 768 3550 mure
787 3487 837 3550 bic
853 3497 936 3550 extra
947 3487 1100 3548 civitatem
1110 3487 1162 3544 im·

80 3579 236 3646 pffltmmu
257 3591 387 3654 sequens
409 3567 527 3631 serebat
541 3572 686 3655 poculum
699 3583 861 3648 castrense,
883 3581 990 3633 catena
1004 3571 1161 3630 ainamma

82 3653 147 3712 utsi
162 3675 230 3718 eum
251 3675 329 3739 opus
344 3663 421 3715 esset
437 3651 562 3732 bibere,
584 3675 619 3716 ex
644 3655 728 3716 fante
756 3667 810 3716 aut
829 3652 923 3716 fluvio
953 3653 1040 3714 durat
1066 3673 1102 3714 ac
1121 3651 1164 3712 bi·

81 3729 166 3808 iterat·
209 3740 277 3802 Hoc
301 3746 404 3801 autem
425 3737 458 3796 in
482 3739 652 3816 praesentia
668 3759 730 3798 nou
752 3735 794 3800 fit.

150 3811 186 3884 ‘O
196 3820 254 3890 imi
262 3820 319 3902 τῆς
339 3815 514 3900 τραπέζης,
537 3820 666 3884 Mensae
682 3817 871 3904 praefectae.
899 3819 1056 3902 serviebat
1073 3819 1164 3880 etiam

83 3897 245 3982 imperatori·
263 3905 304 3965 nd
322 3923 470 3964 mensam.
514 3901 684 3964 Praebebat
698 3903 822 3964 missurn
837 3923 964 3986 magnus
983 3902 1164 3964 domesticus

84 3987 186 4061 prium
207 3989 344 4070 proxime
369 3987 601 4068 imperatorema
624 3997 693 4069 poet
712 4007 783 4046 eum
811 3985 992 4047 domesticus
1023 4005 1163 4061 mensae;

85 4073 146 4130 tunc
166 4073 331 4152 praefectus
352 4089 493 4148 mensae,
514 4079 545 4130 et
559 4091 637 4152 quae
651 4069 733 4152 apud
750 4067 963 4152 Curopalatam
984 4079 1163 4151 sequuntur.

158 4153 348 4232 Δομέστικος
361 4145 511 4229 θεμάτων
527 4141 691 4234 ἑσπερίων,
713 4151 911 4213 Domesticus
926 4153 1096 4212 thematum
1117 4167 1165 4211 ce-

86 4231 290 4301 cideataiium.
335 4239 423 4318 Quae
445 4231 569 4298 sscrente
584 4235 683 4298 adbuc
708 4235 836 4319 imperio
858 4237 997 4298 Romano
1019 4229 1164 4311 τάγματα
