2946 4872
534 267 773 334 emmeno.
801 339 808 350 ,
1137 283 1189 344 xv

114 448 287 504 maturescat
310 437 437 522 (agebat
466 439 546 500 enim
575 439 702 504 loannes
724 461 835 504 annum
861 463 924 506 non
947 443 1015 528 plus
1037 447 1187 514 decimum
1267 427 1275 436 ’

113 541 262 622 quintum)
284 547 388 622 postea
403 559 435 600 se
449 535 595 622 collegam
608 541 752 622 patiatur.
795 541 893 605 Huius
913 547 1001 628 spatii
1023 548 1073 610 vix
1095 549 1186 610 dimi-

113 639 187 702 dium
201 639 325 700 ridetur
338 635 522 722 explevisse,
550 659 653 702 rerum
667 639 758 700 huius
771 641 877 704 muudi
904 653 935 706 et
962 645 1185 712 adversaemor-

112 740 145 799 tis
164 750 326 802 renovatae
348 740 480 822 quodam
501 739 612 803 taedio.
659 741 747 821 Quae
768 742 835 824 ipso
854 742 916 804 iam
935 747 1083 828 mqnacho
1106 751 1185 812 inter

112 836 318 924 Palaeologum
348 851 380 904 et
404 838 591 902 Matthaeum
614 851 716 904 secuta
739 851 831 922 sunt,
853 841 978 906 forsitan
1001 848 1110 928 unius,
1131 861 1185 911 aut
1208 869 1234 908 .·

112 936 232 1002 duorum
246 961 398 1004 annonam
411 940 551 1004 summis
571 961 644 1004 nam
658 943 690 1004 in
700 940 748 1004 his
761 941 845 1026 quod
856 963 914 1026 pro
928 955 1011 1007 certo
1025 944 1184 1028 affirmem

112 1057 164 1100 non
175 1039 287 1104 habeo.
340 1040 407 1104 Hac
421 1043 538 1104 ratione
551 1039 735 1124 colligaturam
749 1041 820 1106 anni
836 1041 979 1106 historiae
993 1043 1085 1111 huius
1098 1051 1186 1110 cirui-

111 1147 152 1199 ter
163 1141 285 1225 triginta
298 1159 423 1206 novem.
464 1141 512 1206 Ex
526 1140 574 1204 his
587 1151 690 1224 patet,
710 1152 849 1225 tempora
863 1142 1031 1208 Andronici
1047 1145 1186 1224 iunioris,

112 1235 322 1324 contuentem,
350 1253 382 1306 et
405 1241 527 1306 loannis
541 1241 714 1326 Palaeologi
736 1263 797 1304 non
819 1245 891 1308 satia
913 1245 1010 1327 probe
1031 1246 1188 1330 digessisse

112 1337 318 1424 Onuphvinm,
344 1353 375 1406 et
388 1340 475 1408 alios.
517 1343 670 1406 Errarunt
685 1343 758 1404 itu
772 1365 843 1406 cum
857 1345 1005 1428 Gregora,
1026 1344 1101 1408 dnm
1118 1345 1185 1410 An-

113 1435 259 1504 dronicum
272 1443 423 1510 iuniorem
435 1465 516 1508 anuo
530 1446 636 1510 aetatis
658 1441 888 1528 quadragesimo
902 1447 1009 1528 quinto
1023 1448 1186 1508 extinctum

112 1539 299 1606 tradideuumt.
340 1542 421 1624 Nam
435 1545 460 1606 si
479 1556 569 1607 natus
583 1555 648 1606 erat
662 1565 757 1606 annos
772 1545 879 1627 viginti
893 1556 1008 1627 septem
1023 1555 1186 1628 autequam

112 1641 263 1704 mandam
276 1663 402 1706 uxorem
416 1643 559 1724 duceret,
582 1655 617 1706 ut
630 1654 732 1706 noster
746 1643 826 1706 libro
839 1646 940 1726 primo
958 1657 1082 1725 namet,
1104 1657 1135 1708 et
1150 1667 1186 1708 ea

112 1735 193 1801 ducta
209 1741 310 1806 adbuc
331 1743 448 1829 aliquot
468 1746 555 1806 annis
577 1765 647 1807 cum
668 1765 726 1806 avo
740 1742 855 1806 bellium
876 1745 983 1825 gessit:
1014 1746 1091 1806 sico
1105 1748 1188 1808 vieto

114 1841 190 1902 anuis
210 1843 317 1928 viginti
331 1843 414 1908 solus
426 1846 609 1930 imperavit,
638 1847 775 1928 sequitur
787 1843 1101 1926 quinquagenarium,
1133 1857 1187 1909 aut

115 1957 147 1998 co
167 1943 305 2004 nanu
331 1945 452 2008 obiisse.

185 2041 386 2107 Ostendemus
415 2065 516 2127 nunc,
554 2065 616 2131 quo
644 2043 711 2108 loeo
734 2046 813 2106 inter
835 2044 1016 2128 Byzantinus
1045 2043 1185 2108 historias

111 2135 177 2200 haee
196 2154 298 2206 noema
316 2143 492 2207 collocanda
513 2149 561 2214 sit.
605 2145 830 2207 Cantacuzenus
845 2143 1018 2226 Nicephoro
1032 2145 1186 2229 Gangorae

112 2240 405 2325 proximemus,
444 2248 569 2330 eiusque
583 2247 772 2308 narratIones
791 2247 967 2307 continuat:
1000 2267 1186 2330 quamquam

113 2357 166 2398 nou
177 2344 307 2422 praecise
326 2365 363 2406 ac
383 2345 570 2429 simpliciter.
611 2345 694 2408 Nam
715 2363 785 2406 curn
800 2346 950 2428 Gregoras
970 2347 1003 2406 in
1017 2345 1103 2408 obitu
1117 2345 1185 2408 An-

112 2433 214 2504 tlmuici
227 2445 355 2507 iunioris
369 2443 504 2526 desinat,
525 2456 629 2508 noster
641 2444 713 2508 inde
725 2465 788 2507 non
804 2443 942 2507 orditur:
965 2447 1041 2528 quin
1061 2449 1124 2508 imo
1138 2469 1186 2509 se-

113 2539 230 2604 cundum
249 2544 393 2608 historiae
415 2567 488 2610 strae
510 2545 624 2608 librum
646 2545 687 2608 ad
708 2545 844 2608 eusdem
866 2544 1034 2608 Andronici
1056 2559 1186 2610 mortem

112 2639 244 2718 perducit.
278 2625 402 2708 'Verum
422 2649 495 2731 quia
517 2649 669 2730 Gregoras
682 2647 739 2709 iste
759 2665 840 2724 avo,
868 2647 901 2706 in
916 2649 1003 2708 cuius
1017 2645 1118 2708 aulam
1131 2649 1185 2710 de-

111 2741 187 2800 mtis
206 2744 309 2808 endas
330 2746 506 2810 liberalibus
522 2767 556 2809 se
569 2735 710 2828 contulit,
731 2748 870 2825 amicior,
891 2749 995 2830 nepoti
1009 2759 1110 2808 autem
1126 2749 1185 2808 ini-

112 2836 193 2916 quior
205 2839 276 2905 bulte
295 2843 443 2930 illumque
462 2847 648 2930 plurimum,
669 2857 700 2908 et
719 2865 808 2930 saepe
828 2845 1072 2908 commendavit:
1102 2845 1185 2908 hune

111 2947 220 3018 epate,
247 2961 303 3006 nec
315 2945 454 3026 modice,
483 2957 514 3007 et
527 2967 589 3007 non
605 2966 677 3007 raro
704 2943 891 3007 insimulavit
919 2965 955 3004 ae
978 2945 1184 3025 vituperavitc

111 3033 145 3094 td
156 3034 241 3122 baec,
260 3063 340 3126 quae
360 3037 523 3108 interillos
537 3043 724 3123 acciderunt,
745 3053 864 3126 partem
882 3043 1045 3104 maximam
1058 3043 1185 3106 minime
1273 3037 1281 3062 ⁸

112 3151 248 3222 supera
267 3143 396 3209 habuitc
425 3167 504 3229 quae
525 3131 627 3207 autem
646 3145 814 3226 comperit,
845 3163 882 3204 ea
903 3141 1045 3223 confuse,
1067 3145 1182 3226 imper-

111 3231 186 3318 lete,
204 3245 353 3327 quaedm
367 3265 490 3328 quoque
503 3244 591 3307 aliter
611 3243 778 3327 aliquanto,
794 3242 869 3325 quid
885 3241 1063 3324 aliqvmnto?
1083 3242 1182 3304 multo

111 3332 311 3428 aliter,qnan1
326 3355 511 3426 evenerunt,
537 3355 568 3408 et
587 3365 658 3408 curn
679 3343 843 3406 mendaciis
858 3345 1008 3425 exposuitc
1039 3343 1072 3404 in
1086 3344 1180 3426 ipsius

113 3453 214 3523 tuoque
240 3445 443 3508 Gnntacuueni
481 3443 563 3508 bello
597 3445 749 3527 rebusque
786 3441 1059 3504 commemorandis
1091 3447 1181 3526 (quae

113 3539 204 3622 scripta
223 3545 273 3606 vel
287 3547 487 3628 interierunt3
514 3545 564 3609 vel
578 3544 676 3606 adhuc
698 3547 731 3604 in
753 3542 857 3626 aliqua
877 3541 1062 3604 bibliotheca
1075 3541 1180 3620 latent)

111 3653 201 3714 murm
224 3644 307 3706 bona
336 3645 413 3726 lide,
443 3643 651 3728 malevoleque
672 3653 808 3706 versatus
832 3653 888 3704 est.
950 3641 1178 3704 Caumcumnus

112 3729 171 3800 haee
187 3743 259 3806 vitia
274 3743 462 3825 monterone,
484 3745 573 3829 longe
587 3746 752 3825 anemius,
774 3745 923 3827 longeque
937 3743 1107 3824 copiosius,
1128 3741 1177 3802 di-

110 3835 239 3922 anctus,
260 3847 418 3929 integrius,
439 3849 549 3908 certius
563 3848 665 3908 omnia
679 3845 855 3929 explicavit:
883 3843 997 3925 quippe
1011 3842 1063 3924 qui
1076 3842 1176 3901 omni-

109 3931 156 3998 bus
168 3961 256 4024 paene
270 3965 333 4008 non
353 3947 489 4009 interfuit
502 3947 622 4025 solum,
643 3965 752 4009 verum
773 3947 864 4030 etiam
878 3942 1026 4025 praeibit:
1048 3951 1079 4002 et
1098 3961 1177 4022 quae

110 4033 163 4115 lpas
174 4059 232 4106 non
245 4043 343 4126 vidit,
365 4057 417 4108 aut
439 4049 501 4130 egit
521 4049 582 4130 (qui
605 4048 685 4108 enim
703 4049 803 4129 poturit
816 4043 951 4124 omnini>
972 4061 1007 4102 ea
1020 4062 1038 4101 a
1050 4039 1176 4102 testibus

110 4141 273 4214 mvimimis
284 4149 420 4232 accepite
441 4145 695 4230 quemadmodum
709 4149 741 4210 in
755 4147 814 4208 line
834 4145 903 4208 libri
923 4143 1023 4226 quarti
1036 4149 1174 4204 testatur.
