2946 4872
303 263 409 328 xxxi}
725 263 750 324 Ι.
781 257 958 330 rossam

302 418 442 502 pardius.
485 417 587 502 Atque
600 416 657 480 hoc
672 418 793 502 quidem
806 419 962 504 proprium
974 425 1021 480 est
1032 420 1133 504 magni
1146 416 1313 506 logothetae
1326 423 1378 492 mi·

301 505 468 564 nisterium.
511 501 601 581 Quod
615 513 714 564 antam
728 501 843 564 adrem
857 503 1068 583 domesticam,
1083 507 1176 586 ipsius
1191 517 1235 567 est
1249 503 1377 584 efficere,

302 585 385 668 quod
406 588 566 668 imperator
586 585 783 646 mandaverit.
826 583 952 648 Addunt
965 584 1015 646 alii
1029 607 1092 647 esse
1105 589 1194 648 etiam
1209 587 1379 649 libellorum

301 670 489 749 magistrum,
504 667 617 728 archivi
633 668 826 750 praefectum,
849 678 901 728 aut
917 666 976 729 tale
991 671 1157 751 quippiam.
1200 665 1380 751 Λογοθὲτης

302 752 458 832 exponitur
479 772 496 810 a
519 747 697 832 quibusdam
716 753 856 834 magister
876 752 1043 828 rationum,
1064 755 1116 834 qui
1132 752 1272 834 expensas
1289 763 1317 813 et
1337 773 1380 812 re·

302 833 382 894 ditus
411 843 587 914 computat,
609 853 789 895 oeconomus
816 837 880 896 sive
907 844 1104 918 procurator,
1133 835 1215 919 quod
1237 857 1379 918 magnum

301 926 365 976 erat
379 915 510 978 officium
530 925 560 976 et
576 913 743 997 politicum.

381 997 561 1080 Λογοθέτης
575 997 634 1058 τοῦ
647 998 880 1082 στρατιωτικοῦ,
901 999 1071 1082 logotheta
1088 1001 1270 1075 castrensis,
1283 999 1379 1064 Zatt-

302 1082 444 1152 maiater,
465 1081 737 1223 Pseanigmaisten
759 1081 872 1144 Gallice
889 1083 1075 1144 Tlsresorr'er
1087 1083 1131 1143 da
1144 1105 1243 1167 camp.

383 1163 479 1240 Καβα
500 1160 617 1242 λάριος,
640 1161 845 1226 caballarius.
886 1161 1111 1244 Καβαλλὰριον
1132 1177 1298 1248 equestrem
1320 1161 1382 1227 im-

299 1249 444 1329 peratoris
461 1247 635 1308 comitatum
650 1249 785 1308 nominat
797 1247 987 1332 Curopalata.
1028 1247 1075 1310 Ex
1090 1249 1192 1310 Italico
1204 1249 1294 1310 ducta
1308 1270 1381 1330 vox,

342 1349 378 1388 ae
392 1331 455 1410 ipsa
470 1349 487 1388 a
505 1328 612 1390 Latina
630 1350 705 1392 voce
719 1333 862 1394 manavit.
913 1331 1011 1392 Huius
1030 1351 1100 1413 ergo
1120 1333 1276 1394 comitatus
1292 1353 1382 1416 prae-

299 1351 395 1472 qgscms
417 1409 600 1473 Caballarius
615 1411 674 1473 dici
693 1413 824 1474 videtur.

381 1493 493 1573 Μέγας
507 1489 666 1573 ααααιας,
687 1493 821 1576 Magn-us
840 1495 995 1582 Puppim,
1036 1495 1152 1574 idest,
1173 1519 1298 1582 magnus
1323 1518 1382 1580 pa-

264 1610 269 1618 ·
300 1575 442 1654 terculus,
463 1598 597 1638 summus
615 1575 666 1638 ille
677 1579 778 1656 iudex,
798 1579 837 1642 ad
856 1599 946 1662 quem
962 1581 1240 1643 commentarienses
1256 1579 1293 1641 de
1315 1601 1383 1662 per·

300 1661 381 1722 sonis
403 1681 522 1720 reorum
542 1671 572 1721 et
585 1681 723 1740 numero,
741 1659 780 1722 de
795 1659 937 1746 qualitate
950 1661 1138 1742 delictorum,
1159 1659 1197 1722 de
1211 1661 1384 1724 clausorum

299 1741 455 1804 ordinibus
475 1741 584 1804 referre
612 1741 734 1806 debent.
784 1743 819 1806 In
836 1743 914 1806 hanc
944 1747 1120 1808 sententiam
1136 1748 1248 1826 accipio
1269 1766 1384 1806 nomen

298 1825 413 1908 Papiae
429 1825 510 1907 apud
519 1825 680 1904 Zouaram,
690 1825 743 1888 ubi
761 1827 800 1888 de
817 1849 853 1888 eo
870 1825 979 1909 agian,
1000 1829 1053 1910 qui
1070 1825 1209 1889 Michaeli
1224 1826 1317 1888 Balbo
1331 1829 1382 1890 ad-

300 1909 381 1968 iutor
396 1906 464 1986 tuit,
486 1917 520 1968 ut
536 1909 670 1970 Leonem
688 1907 858 1972 Armenum
880 1908 1017 1972 emedio
1048 1907 1166 1973 tolleret
1195 1911 1383 1996 imperioque

340 1992 458 2052 tiretun

299 2011 340 2072 po
381 2069 496 2152 Μέγας
515 2065 812 2155 στρατοπεδάρχης,
832 2075 968 2156 Magnas
991 2087 1168 2138 castrorum
1189 2072 1383 2160 praefectus.

294 2155 356 2236 ,Est
379 2166 622 2217 materonum
641 2177 753 2236 rerum,
775 2178 853 2240 quae
871 2161 1010 2220 exercitui
1035 2169 1106 2220 sunt
1132 2179 1220 2240 opus,
1241 2157 1383 2220 videlieet

295 2237 522 2320 alimentorum,
541 2241 808 2302 instrumentorum
827 2251 857 2302 et
870 2243 1102 2303 necessariorum
1117 2244 1271 2319 omnium,
1298 2241 1384 2302 Pro.

299 2321 536 2384 oiandmaister.
565 2323 733 2406 Exponitur
748 2325 849 2402 etiam
870 2328 1008 2407 princeps
1024 2325 1178 2403 exercitus,
1193 2334 1228 2384 ut
1244 2325 1284 2385 sit
1300 2321 1384 2386 idem

300 2403 383 2486 quod
401 2401 631 2488 στρατιάρχηςτ
654 2425 725 2468 uam
749 2401 956 2489 στρατόπεδον
981 2406 1142 2490 aliquando
1163 2427 1219 2489 pro
1245 2401 1382 2490 στρατὸς

339 2487 432 2548 nitur.
953 2504 956 2512 ·

299 2507 340 2571 po
372 2567 653 2652 Ἠρωταλαγάτωρ,
676 2569 823 2634 Summas
840 2570 975 2654 equitum
989 2569 1179 2656 praefectus.
1201 2571 1285 2632 Voce
1298 2571 1383 2632 enim

299 2639 412 2733 ἄλογον
447 2654 555 2713 Graeci
580 2655 759 2715 recentiores
786 2675 898 2737 equum
927 2665 979 2715 aut
1000 2655 1167 2715 iumentum
1194 2653 1382 2735 significant,

298 2733 376 2796 facta
398 2756 432 2796 ex
449 2731 583 2814 ἅλόκου,
605 2757 624 2796 a
647 2736 742 2799 verbo
759 2737 871 2816 tatae,
892 2735 974 2820 quod
999 2735 1192 2798 orientalibus
1207 2747 1290 2816 erat,
1313 2740 1385 2798 ire.-

299 2819 370 2898 quia
387 2820 533 2878 maximus
547 2827 577 2878 et
593 2822 771 2901 praecipuus
784 2821 986 2881 iumentorum
1000 2839 1072 2881 usus
1087 2819 1126 2880 ad
1140 2818 1384 2880 commoditatem

297 2902 451 2962 itinerum.
504 2901 622 2962 Tuscae
644 2904 733 2964 mam
756 2901 1006 2968 hodienuntium
1033 2923 1086 2962 seu
1116 2904 1260 2962 viatorem
1282 2901 1384 2985 appel·

297 2981 362 3044 lant
381 2985 482 3050 balaa.
523 2983 571 3045 Ex
585 2980 700 3045 ‹titios›
716 2985 807 3068 igitur
824 2973 1000 3063 dtoyov„id
1019 2994 1075 3060 est,
1094 2983 1229 3062 brutum,
1251 2987 1319 3046 κατ’
1331 2982 1384 3058 ἐξ·

299 3059 378 3144 οχῆν
396 3070 563 3130 iumentum
586 3078 640 3127 aut
655 3088 768 3148 equus,
790 3077 825 3126 ut
842 3065 908 3126 Itali
923 3065 1039 3144 dicunt,
1059 3066 1092 3126 la
1111 3066 1210 3128 bestia
1225 3067 1303 3146 mio,
1324 3088 1383 3148 pm

299 3167 394 3228 equus
413 3169 508 3210 meus.
549 3148 596 3207 Er
621 3139 736 3226 ἀλόγου
753 3148 787 3206 fit
811 3143 953 3227 didytov,
984 3151 1132 3231 equitatus
1154 3169 1207 3210 seu
1232 3169 1382 3230 equorum

298 3213 638 3372 equiiuipvennmerus.
680 3229 853 3291 Praefectus
870 3219 1039 3314 ἄλογάτωρε
1059 3251 1193 3293 summus
1211 3231 1382 3315 praefectus

298 3333 321 3372 π
342 3333 409 3373 ωτα
465 3335 560 3374 ατω.

323 3333 341 3393 ρ
381 3332 668 3474 adonaisama,
697 3392 999 3476 Augustimperator.
1055 3396 1157 3457 Tertia
1184 3396 1313 3480 dignitas
1341 3395 1385 3458 ab

298 3479 489 3560 imperatore,
511 3477 688 3537 Caesariana
704 3479 912 3558 praestantior.
943 3480 1026 3539 Dum
1043 3481 1205 3560 imperator
1220 3475 1383 3564 βασιλεὺς,

281 3553 465 3642 ·σεβαστὸς,
487 3559 617 3640 Καῖσαρ
634 3559 731 3620 dictus
749 3569 805 3638 est,
827 3580 888 3620 uno
907 3561 1072 3644 eodemque
1084 3561 1257 3624 omneshos
1276 3561 1383 3623 titulos

298 3644 469 3720 obtinente,
500 3641 657 3724 dignitates
678 3639 783 3704 officiis
814 3663 849 3703 ac
879 3663 941 3704 non
973 3643 1068 3706 titulis
1099 3648 1269 3706 aestimatae
1297 3655 1383 3705 sunt.

297 3727 408 3789 Postea
426 3745 499 3786 vero
527 3727 720 3806 imperatores
743 3724 879 3786 luserunt
904 3724 1011 3805 uadis,
1030 3737 1061 3788 et
1081 3726 1241 3789 honoraria
1257 3725 1386 3809 dignita-

297 3819 364 3871 tum
376 3809 499 3870 nomina
515 3809 580 3868 sine
597 3804 701 3868 officiis
717 3809 860 3890 impertiti
879 3819 949 3870 sunt
961 3809 1105 3870 arbitratu
1124 3831 1191 3888 suo,
1204 3820 1238 3870 ut
1250 3809 1386 3892 Curopa·

297 3890 358 3952 lata
380 3889 427 3952 bis
457 3889 558 3951 verbis
580 3888 734 3952 declarat:
778 3890 931 3972 Despota‚
951 3891 1190 3970 Sebastocrator,
1213 3893 1323 3954 Caesar
1342 3887 1385 3953 ad
1467 3897 1468 3920 ¹

297 3973 416 4036 nullum
432 3973 630 4034 ministerium
647 3981 798 4049 tenentum,
820 3975 877 4035 nisi
892 3974 931 4036 ad
951 3996 1101 4036 summum
1129 3973 1259 4058 aliquem
1274 3977 1387 4058 princi·
1467 3983 1468 4052 t

298 4069 402 4140 patum
415 4057 620 4132 instituantur,
635 4065 708 4136 puta
725 4067 778 4117 aut
792 4057 922 4140 regendo
933 4060 974 4119 im
1029 4061 1069 4138 ‘o,
1084 4057 1273 4141 autgerendo
1286 4056 1384 4120 bello:
1467 4065 1468 4076 ¹

184 4185 187 4198 .
298 4135 576 4223 cruusreiexempla
587 4137 956 4228 suutapudlliaepliorum
992 4161 1228 4227 regommquam
1241 4138 1389 4225 plurima.
