2794 4860
346 295 627 402 maronianum
655 339 680 400 t.
709 344 762 408 ιο.
1018 335 1099 422 207

53 508 92 565 τες
109 487 268 570 συνέμιξαν
289 485 424 569 βασιλεῖ.
442 485 607 574 γενομένης
627 489 663 553 δὲ
677 487 786 574 μάχης
802 487 968 574 καρτεράς,
992 485 1023 554 οἳ
1041 490 1170 570 ptine
1184 492 1251 550 ried

52 585 186 672 βάρβαροι
202 581 381 668 μαχόμενοι
403 584 601 670 παραβόλως,
620 582 730 652 ἔπεσον
749 584 873 664 πάντες,
894 581 925 649 οἵ
947 577 1107 667 βασιλικοὶ

53 686 80 750 δὲ
97 684 179 750 odeat
199 683 254 748 καί
276 681 306 747 οἵ
329 683 419 747 ἵπποι
439 681 519 768 πλὴν
534 681 646 768 όλίγων
662 683 960 772 ε’τραυματίσθησαν
982 681 1104 765 πάντες,

53 781 170 847 άπίθσνε
193 783 227 847 δὲ
248 775 361 856 οόδείς·
389 783 503 857 ἵππους
519 784 554 847 δὲ
574 777 729 865 ἀπέβαλον
755 780 898 859 πολλοός.
926 779 1050 870 ότράθη
1068 785 1105 848 δὲ

33 875 95 944 irai
113 880 129 946 ό
146 875 292 964 βασιλεὺς
311 876 369 944 τόν
394 877 476 945 πόδα
506 879 615 971 dionei,
655 876 681 963 ό,
693 903 726 946 τε
742 881 834 957 ἵππος
861 873 961 946 αότοό
979 881 1105 966 πληγείς

50 975 174 1061 ἑπτάκις,
198 973 279 1060 μετά
298 975 411 1065 μικρόν
433 969 570 1046 datiam
585 983 641 1065 τῆς
655 981 770 1066 μάχης.
797 977 815 1046 ό
836 981 873 1046 δὲ
894 987 993 1064 μέγας
1011 980 1105 1060 δυμί-

49 1099 133 1152 στικος
147 1072 251 1162 όλίγου
272 1079 380 1162 όδέησε
400 1073 582 1160 μαχόμενος
600 1087 715 1144 πεσεῖν.
741 1079 938 1166 περισχόντες
958 1074 1019 1164 γάρ
1043 1069 1104 1141 αό-

46 1172 92 1238 τόν
101 1176 203 1240 πολλοὶ
223 1177 285 1240 τάν
302 1173 494 1263 βαρβάρων,
534 1173 590 1242 τόν
609 1181 668 1260 μὲν
692 1179 787 1244 ἵππον
812 1175 1103 1262 κατετραυμάτισαν

46 1272 91 1338 ἐπὶ
107 1277 265 1357 τοσοῦτον,
296 1273 339 1351 σός
360 1277 474 1361 μηκέτι
496 1277 655 1342 δόνασθαι
673 1280 838 1343 κινεῖσθαι·
872 1271 971 1342 αότόν
992 1277 1028 1342 δὲ
1054 1271 1103 1340 όῖ-

18 1381 115 1447 ιοοτοῖς
138 1397 171 1438 τε
193 1376 248 1439 καί
268 1381 385 1451 κοντοῖς
412 1371 466 1438 καί
483 1372 587 1452 λίθοις
607 1372 741 1462 ἔπληξαν
755 1373 919 1452 πολλάκις.
953 1375 1045 1442 odota
1068 1377 1123 1456 ot,

46 1470 133 1537 αδτδν
155 1467 299 1559 ἠδυνήθη
323 1477 530 1558 καθικέσθαι,
561 1477 625 1540 τάν
651 1469 754 1541 όπλιον
777 1472 1002 1558 ἀντισχόντων,
1034 1477 1104 1540 καί·

44 1591 86 1630 τοι
101 1595 131 1652 γε
148 1573 211 1638 τῶν
232 1575 341 1658 μηρῶν
360 1571 417 1638 κατ’
429 1573 607 1660 βραχιόνων
627 1565 725 1640 όντων
746 1575 889 1658 γυμνόν·
908 1569 964 1638 τόν
990 1597 1024 1638 τε
1041 1577 1201 1642 rra-Mlti

43 1664 78 1750 ρά
91 1668 143 1756 τὴν
159 1668 260 1755 ζιόνην
278 1667 426 1757 άκινόκην
439 1667 584 1758 ἥρπασαν
610 1671 727 1754 αότοῦ,
759 1672 815 1736 καὶ
828 1667 869 1736 τά
885 1671 949 1737 τοδν
969 1667 1102 1754 ἱματίων

42 1754 118 1850 ἄκρα
132 1767 301 1855 διέρρηξαν
316 1779 381 1846 τοῖς
401 1763 582 1852 ἑλκυσμοῖς,
612 1767 710 1846 αότδς
727 1770 764 1834 δὲ
781 1769 964 1856 παραδόξως
983 1768 1102 1852 άμυνό-
1188 1824 1190 1827 .

10 1865 115 1944 Ιόμενος
129 1863 281 1954 διεσάθη,
298 1868 380 1953 μηδὲ
395 1866 661 1956 τραυματισθείς.
690 1865 769 1952 μετά
786 1891 821 1934 τε
842 1865 901 1954 τήν
922 1869 1009 1954 νίκην
1025 1873 1101 1932 πυλ-

38 1961 102 2042 λοδς
116 1962 218 2050 ἔλεγεν
237 1966 359 2050 άγοόνας
378 1969 434 2034 καί
450 1963 608 2052 μεγάλους
630 1969 666 2032 ἐκ
688 1970 833 2054 παιδικῆς
848 1965 973 2052 ἡλικίας
994 1967 1102 2052 διηνο-

38 2063 125 2148 κίναι,
153 2065 228 2132 οὐδὲ
251 2061 335 2144 ἅπαξ
355 2069 392 2134 δὲ
407 2071 443 2134 όν
461 2069 532 2157 χρῷ
552 2064 696 2134 κινδόνου
710 2064 797 2155 παρά
816 2069 962 2134 τοσοῦτον
977 2067 1195 2152 ymeri-Vani

35 2164 112 2227 σθαι.
131 2158 211 2230 otro
229 2165 289 2246 μὲν
310 2158 369 2231 odo
386 2164 416 2230 οἵ
431 2165 588 2252 βάρβαροι
601 2165 714 2244 πάντες
733 2163 844 2233 ἔπεσον
860 2163 947 2254 παρά
964 2163 1021 2251 την
1037 2161 1102 2247 μά-

33 2281 96 2342 χην.
115 2259 293 2346 όβασιλεός
308 2265 343 2329 δὲ
360 2265 405 2340 εἰς
421 2260 651 2348 Διδυμότειχυν
668 2263 788 2348 eredo,
809 2265 952 2352 πονήρως
966 2261 1027 2330 άπό
1044 2265 1100 2331 τοῦ

2 2358 199 2441 ιοτρσόματσς
213 2361 268 2428 ἐπί
280 2359 381 2428 πολόν
396 2363 522 2450 διετέθη
541 2362 671 2452 χρόνον.
698 2366 773 2450 περί
788 2364 824 2428 δὲ
837 2359 1028 2448 συγκομιδήν
1045 2371 1128 2430 roda

33 2453 111 2520 σίτου
126 2458 265 2540 μάλιστα
282 2463 339 2526 τοῦ
363 2457 464 2528 αότοό
489 2461 579 2540 ἔτους
602 2462 620 2528 ό
641 2465 704 2530 τοῖν
721 2465 848 2530 Μυσῶν
862 2460 1012 2547 βασιλεὺς
1030 2465 1102 2526 Μι-

29 2553 106 2640 χκηλ
124 2559 167 2647 τῷ
181 2559 240 2646 νόῳ
259 2565 388 2642 βασιλεῖ
410 2560 600 2652 Ἀνδρονόιτρ
614 2561 750 2648 η’θίλησε
763 2565 979 2647 συγγενέσθαι.
999 2564 1043 2649 τῷ
1065 2563 1115 2625 δὲἸ

30 2657 113 2718 τοῦτο
134 2659 193 2740 μὲν
219 2651 276 2722 οόκ
302 2651 342 2745 ἦν
362 2665 436 2725 καθ’
457 2657 573 2748 ἡδονὴν
589 2658 642 2726 διά
660 2659 696 2726 τό
716 2658 772 2726 τόν
790 2661 874 2726 πόδα
898 2659 945 2727 ἔτι
965 2655 1102 2725 datori

28 2753 197 2838 τραύματος
212 2756 334 2842 άλγεῖν,
356 2751 441 2842 ὅμως
454 2761 622 2848 μέντοίτρῖ
638 2761 767 2843 βασιλεῖΙ
778 2763 833 2826 καί
848 2757 965 2848 πάππῳ
979 2756 1027 2824 τά.
1040 2763 1098 2822 τοῦ

89 2891 113 2944 7.
130 2852 282 2947 Legebatnr
302 2875 410 2949 ὀλίγον.

24 2975 111 3032 sabito
127 2996 157 3032 ao
173 2988 280 3050 praeter
299 2981 458 3104 opinionem
475 2997 551 3034 ruam
568 2981 599 3035 in
618 2982 806 3053 imperatorem
826 2981 958 3036 incidunt
993 2981 1099 3050 Pugna·

24 3051 65 3098 tar
80 3066 182 3102 rumara
201 3051 245 3104 vi:
266 3051 314 3104 bar
334 3051 374 3104 ari
384 3058 484 3105 temere
500 3059 529 3105 et
544 3051 656 3106 coninua
671 3051 840 3116 dimicantes,
858 3051 894 3104 ad
908 3067 992 3104 unum
1005 3067 1098 3104 omnea

23 3117 137 3184 eadunt,
159 3122 326 3190 imperatorii
351 3121 459 3244 ignique
483 3127 512 3175 et
537 3123 620 3194 equi,
649 3124 741 3192 paneis
764 3121 896 3192 demptis,
921 3123 1099 3186 vulnerantur

22 3201 128 3254 omnen,
153 3191 245 3244 uultu·
264 3209 358 3245 ooeum
379 3193 402 3245 it
409 3209 450 3256 ‚e
490 3209 519 3245 oa
536 3193 634 3246 multoe
652 3195 789 3247 amittunt.
824 3195 971 3263 Imperator
988 3209 1041 3266 quo
1071 3209 1098 3245 re

19 3252 1098 3404 tetii'ztittiiitat'iitiittitittittafttt‘ii:

994 3371 1002 3396 ἵ

20 3397 110 3450 eodem
125 3401 232 3468 proelio
251 3410 400 3472 oppeteret.
434 3403 543 3455 Barbari
562 3407 635 3457 enim
653 3421 712 3458 enm
730 3405 886 3476 frequenter
903 3420 964 3456 eum
981 3405 1098 3455 eircum-

18 3463 172 3533 dediraent,
192 3473 232 3523 aio
249 3475 307 3525 eiua
326 3489 426 3543 oqnum
445 3475 726 3537 oonaaneinrant,·ut
741 3489 849 3527 movere
866 3490 895 3526 ae
915 3473 1028 3541 amplior
1045 3489 1097 3524 ne-

15 3539 119 3604 quiret:
138 3557 270 3595 errrorem
283 3559 347 3596 vero
365 3543 437 3605 telio,
452 3545 539 3596 contio
557 3551 586 3595 et
602 3543 740 3614 lapidibus
759 3543 860 3597 erebria
880 3543 1029 3596 feriebant:
1047 3542 1097 3594 aed

14 3611 90 3662 amia
113 3611 207 3664 omnia
226 3611 440 3676 inminentibus,
468 3611 540 3664 nihii
557 3629 650 3665 eorum
674 3616 795 3684 quamvis
821 3621 849 3667 et
867 3613 969 3666 femora
986 3621 1015 3666 et
1031 3612 1096 3664 bra·

13 3676 70 3732 thia
96 3680 207 3734 nudam
233 3683 329 3737 inerit:
352 3683 486 3734 acinacem
513 3681 593 3736 modo
614 3685 755 3753 aoinguio
773 3683 937 3753 pendentem
955 3684 981 3735 oi
999 3682 1096 3734 abeto-

11 3747 118 3815 terunt,
147 3751 263 3804 veetiam
303 3769 394 3805 eorna
414 3751 468 3804 hoe
485 3752 551 3804 illue
568 3753 700 3822 raptando
719 3753 917 3807 dilaceraramt:
944 3755 1002 3822 ipre
1030 3751 1096 3803 dnm

11 3833 38 3870 ae
54 3829 171 3874 atrenne
188 3821 268 3874 defen
289 3825 327 3886 it,
363 3823 467 3895 abaqne
483 3823 540 3876 ulio
558 3823 669 3876 vnlnere
687 3823 884 3876 admirabiliter
908 3831 1027 3876 narrator
1045 3829 1096 3874 eat.

11 3885 86 3944 Parta
114 3892 250 3956 victoria,
272 3893 365 3947 multia
390 3901 419 3944 et
443 3893 545 3963 magnii
563 3893 598 3944 ab
624 3892 827 3946 adoleaeentuio
845 3891 1039 3946 certaminibus
1066 3905 1096 3943 ae

11 3962 189 4024 ommonem
212 3965 347 4027 narravit,
373 3961 422 4015 aed
445 3979 585 4033 nunqnam
612 3971 665 4015 tam
687 3979 775 4086 prope
798 3963 833 4016 ab
859 3966 944 4018 exitio
967 3961 1095 4014 abioiaae.

12 4025 54 4078 Sic
70 4027 186 4081 barbari
215 4049 308 4090 omnea
333 4035 448 4102 pviere.
484 4034 632 4102 Imperator
649 4033 685 4084 Di
705 4033 836 4101 ymotiehi
863 4051 897 4087 ex
915 4032 1025 4086 vulnere
1047 4027 1097 4079 ‘¹¹11

9 4096 156 4152 laborarit.
199 4097 304 4151 Eodem
337 4085 421 4161 κόιλαι,
446 4103 552 4168 furgum
581 4103 780 4156 condendarum
811 4111 946 4169 tompore,
977 4095 1097 4150 Michael

7 4165 169 4223 Moesorum
187 4183 235 4222 rex
251 4166 434 4221 Andronicum
452 4169 586 4221 iuniorem
609 4169 696 4222 virere
708 4169 810 4232 voluit,
825 4169 870 4220 eni
886 4166 975 4221 adhue
998 4165 1095 4236 podem

7 4249 120 4314 propter
138 4239 244 4294 voiana
260 4237 365 4293 dolenti
389 4237 418 4292 id
437 4253 533 4309 parum
559 4239 674 4293 amicum
692 4238 807 4293 accidit:
826 4245 853 4292 et
870 4253 948 4295 arum
965 4251 1045 4306 anper
1063 4249 1094 4286 ea
