2946 4872
395 341 649 411 musitio
680 345 948 422 niomium.
1068 361 1212 434 ,xxxin

120 497 170 562 Ae
181 499 317 582 primum
330 497 453 584 quidem
463 501 572 564 Caesar
586 502 642 564 ibit
656 507 803 570 secundus
817 510 856 572 ab
871 513 1049 594 imperatore
1064 515 1108 598 (ut
1120 517 1212 582 bodie

119 603 173 646 rex
187 585 394 646 Romanorum
409 587 499 646 estin
514 587 659 648 occidenti
675 589 810 670 imperio)
827 604 857 653 et
868 595 999 658 obtinuit
1013 597 1071 658 boc
1086 599 1125 660 ad
1140 601 1210 663 Ale·

121 669 203 726 rium
219 667 410 728 Comnenum
422 687 529 750 usque:
551 679 654 752 postea
668 671 892 736 Sebastocrator
908 680 1056 740 secundus
1070 691 1114 742 est
1128 682 1211 744 babis

120 759 181 826 tus,
198 759 228 809 ct
243 749 355 810 Caesar
368 753 475 812 tertius
489 771 552 812 esse
566 755 682 836 coepit,
694 761 769 817 'cum
784 756 907 820 Aietius
923 761 1094 825 Cemmenus
1108 765 1212 828 isaaci«

120 847 174 892 um
188 831 312 894 stateem
325 833 565 895 Sebastoeratora
580 836 709 916 diceret3
737 849 842 900 auctor
866 842 1009 906 Zonaras.
1051 846 1211 909 Postremo

120 914 258 996 despotes
287 918 352 976 sive
366 915 505 978 dominus
518 918 558 978 ab
569 921 750 1001 imperatore
760 923 909 986 mundus
922 937 967 988 est
980 925 1088 1005 factus,
1102 951 1213 1013 nempe

118 995 244 1060 Alexius
258 997 473 1082 Palaeologus,
489 1021 558 1062 cum
572 1003 652 1066 idem
668 1005 840 1068 &muscus
854 1007 922 1068 liliis
936 1011 1071 1071 maribus
1085 1029 1210 1094 carens,

118 1079 238 1142 irenem
259 1081 355 1142 filiam
375 1103 461 1144 suam
481 1086 710 1168 primogenitam
724 1085 832 1150 Alexio
852 1088 924 1152 huic
952 1091 1113 1174 despondit
1133 1115 1212 1156 eum·

118 1183 179 1244 que
192 1163 283 1225 titulo
297 1164 450 1248 despotae,
472 1167 504 1227 id
518 1178 574 1247 est,
596 1167 724 1252 domini,
738 1173 869 1249 ornavit,
891 1171 1027 1236 firtruum
1040 1195 1149 1258 nempe
1162 1178 1211 1241 he·

117 1245 223 1308 sedem
236 1250 368 1329 imperii,
389 1251 447 1311 uisi
461 1261 558 1313 morte
571 1251 706 1314 sublatus
720 1265 810 1331 esset,
831 1259 907 1317 teste
922 1259 1055 1340 Gregora
1068 1257 1123 1319 lib.
1141 1262 1170 1321 3.

208 1325 462 1412 Πρωτυψάλτης,
473 1334 626 1418 Princeps
641 1355 695 1396 reu
709 1338 831 1420 primus
846 1339 1059 1419 psallentium.
1109 1341 1212 1404 Eccle

120 1411 272 1472 siastieum
285 1417 397 1474 nomen
416 1425 477 1496 est,
498 1415 537 1479 de
550 1415 630 1480 clero
643 1417 758 1501 palatii.
799 1419 941 1484 Forsitan
963 1425 1104 1506 magister
1125 1424 1211 1488 ebori

122 1503 177 1552 aut
187 1495 285 1556 simile
300 1497 457 1578 quiddam.

198 1577 400 1658 Δομὲστικοι,
412 1579 594 1644 Domestici.
612 1582 647 1644 In
659 1584 724 1645 iure
737 1583 926 1668 appellantur
938 1585 1093 1650 domestici
1103 1605 1209 1652 omnes

116 1656 269 1722 adiutores
299 1665 365 1723 sive
394 1663 562 1726 administri
582 1663 714 1748 legitime
731 1670 859 1728 instituti
880 1669 998 1728 aiustis
1022 1669 1211 1734 sannionum

118 1744 304 1824 principibus
327 1747 359 1804 in
372 1744 497 1827 palatio,
520 1750 619 1808 autin
634 1748 712 1826 foro,
732 1760 785 1810 aut
798 1753 830 1810 in
845 1748 981 1810 ecclesia.
1032 1753 1070 1812 ln
1082 1754 1209 1836 palatio,

118 1834 152 1884 ut
262 1847 299 1887 us
321 1827 514 1908 domesticus,
538 1827 719 1892 domesticus
741 1852 873 1911 mensae,
896 1831 1078 1896 domesticus
1098 1835 1212 1898 schola-

118 1927 195 1984 rum,
240 1913 401 1972 omesticus
415 1933 584 1989 murorum,
601 1913 781 1976 domesticus
803 1917 962 1998 regionum
980 1925 1038 1977 etc.
1081 1917 1116 1978 ln
1131 1917 1209 1999 foro,

119 1999 151 2048 ut
162 1990 319 2054 domestici
333 1993 657 2073 iudicum,administri.
672 1997 708 2057 lu
722 1995 858 2079 ecclesia,
872 2008 907 2058 ut
917 1997 1097 2060 domesticus
1111 1999 1210 2081 chori,

119 2071 297 2136 domesticus
311 2079 470 2138 ianuarum
485 2088 554 2156 eto,
575 2099 706 2161 quorum
719 2082 856 2142 omnium
871 2079 985 2142 iunctio
999 2080 1210 2160 doptsort'ttetos

116 2157 178 2218 sive
193 2155 403 2259 depectimus,
418 2159 520 2236 idest,
536 2159 761 2240 domesticatus,
781 2163 862 2224 dicta
877 2175 933 2226 est.

190 2231 488 2324 Ῥαιφερενδαριος,
508 2242 769 2326 Refhrendorius.
812 2243 1038 2308 Ecclesiasticus
1056 2245 1210 2328 dignitatis

118 2339 238 2402 nomen,
255 2324 365 2386 Latine
376 2323 510 2410 Relator,
526 2329 579 2412 qui
594 2325 739 2412 allegatur
754 2326 794 2391 ad
809 2331 1019 2414 imperatorem
1034 2339 1065 2392 et
1075 2331 1209 2393 sacerdo

119 2409 370 2472 temmaximum.
1123 2437 1127 2450 ·

202 2489 531 2573 Πανυπερσὲβαστος,
551 2493 799 2578 Angustissimus
812 2491 964 2562 *omnium
1018 2489 1071 2556 Ab
1096 2487 1204 2558 Alexio

118 2571 273 2636 Comneuo
287 2575 395 2637 tintus
409 2580 562 2656 inventus,
579 2591 615 2640 ut
628 2579 770 2641 Michaeli
786 2579 948 2640 Taronitae
970 2577 1207 2668 gratificaretur,

118 2655 197 2738 quod
211 2657 317 2718 scribit
328 2659 462 2722 Zonaras
476 2671 558 2722 tomo
573 2663 604 2724 3.
620 2661 678 2723 urb
692 2659 794 2723 finem.
817 2661 961 2742 Superior
975 2670 1040 2720 erat
1052 2662 1206 2742 omnibus,

117 2741 206 2800 etiam
218 2743 283 2822 ipso
298 2745 539 2824 protovestiaaio,
561 2763 671 2826 magno
684 2743 772 2822 duce,
793 2763 903 2828 magno
916 2742 1080 2804 domestico
1094 2754 1151 2805 ete·

121 2865 123 2870 ,
201 2817 515 2904 Πρωτοβεστιάριος,
545 2826 830 2889 Protouestiorius.
883 2826 982 2888 Huius
1007 2823 1143 2885 officium
1165 2827 1207 2884 sic

118 2902 306 2966 describiutr.
349 2906 541 2970 decendente
564 2910 656 2988 igitur
670 2911 870 2988 imperatore,
890 2917 925 2966 ut
940 2905 1125 2966 demaratum
1139 2917 1183 2964 est
1198 2943 1208 2983 ,

117 2985 155 3046 ad
175 2991 351 3066 oratorium,
376 2989 648 3066 Protovestiarius,
677 2993 729 3071 qui
751 2987 895 3069 pilaticia,
916 3007 994 3068 quae
1018 2989 1208 3068 imperatoris

118 3073 483 3216 tisernitius
493 3067 872 3230 ttrtffittittl?
890 3069 1208 3234 {tistitus

120 3235 244 3316 populo,
265 3197 476 3300 demdnstrans
488 3237 547 3300 hoc
561 3240 664 3320 signo,
689 3235 857 3298 ascendisse
870 3235 1083 3316 imperatorem
1097 3237 1129 3296 in
1144 3251 1208 3296 orn¹

121 3321 236 3382 tortum
289 3321 349 3382 Hic
362 3332 464 3382 autem
486 3323 518 3382 in
533 3323 676 3399 oratorio,
697 3321 722 3380 si
741 3322 904 3399 imperator
927 3327 980 3378 aut
999 3339 1088 3380 suum
1111 3321 1206 3399 ipsius

124 3409 239 3466 Mmma
264 3414 319 3466 aut
339 3403 464 3486 aliquod
477 3403 560 3464 aliud
574 3418 726 3486 gestamen
740 3421 828 3462 suum
843 3409 1010 3482 gestaturus
1030 3413 1086 3480 est,
1102 3401 1208 3461 Proto*

127 3482 1207 3650 urrffi¹tt⁰tssrur0tsutru

126 3665 203 3728 mn,
222 3673 331 3716 verum
346 3591 440 3714 Ἕω
462 3673 580 3734 semper
596 3641 638 3712 ita
655 3650 737 3712 iacit.
780 3647 817 3710 ld
838 3638 911 3710 ver'o
931 3649 1022 3710 maru
1046 3646 1205 3730 proprium

126 3740 153 3789 et
169 3733 316 3817 singulare
337 3735 449 3814 babet,
479 3735 562 3817 quod
587 3737 611 3795 si
634 3733 708 3815 quid
733 3729 866 3816 alienum
885 3729 1007 3808 viderit,
1028 3741 1081 3792 aut
1094 3730 1205 3810 lutum,

127 3825 172 3873 ⁸¹11
187 3819 258 3898 quid
275 3817 359 3880 aliud
381 3819 421 3879 ad
433 3819 621 3900 imperatoris
638 3825 765 3892 vestem,
786 3814 939 3894 deponens
964 3813 1015 3874 ille
1042 3813 1206 3875 umbellam

129 3906 175 3955 ant
194 3909 312 3984 tegmen
330 3903 437 3984 eapitis
457 3904 525 3977 sui,
547 3909 665 3960 omenta
691 3915 783 3958 manu
803 3897 903 3972 tollit,
926 3907 979 3957 aut
999 3907 1108 3979 purgat
1130 3891 1207 3957 illud

130 3995 184 4040 noa
200 3996 330 4065 rogatus.
371 3985 417 4044 Ex
438 3977 579 4044 ombibus
595 4003 669 4046 vero
689 3981 754 4042 aliis
771 3979 956 4122 principibus
972 3999 1061 4040 nemo
1080 3979 1209 4040 auctori·

131 4067 211 4124 bum
228 4065 319 4128 babet
340 4067 468 4127 faciendi
493 4068 581 4143 istuc,
603 4065 655 4126 sed
673 4063 723 4124 ille
739 4083 772 4123 so
785 4083 831 4121 us.
874 4061 1026 4122 Pilatieia
1040 4075 1085 4124 est
1103 4073 1208 4142 opusc

131 4153 285 4288 Ἠώς
304 4155 375 4210 cum
389 4149 520 4226 fimbria,
536 4153 568 4209 iu
582 4147 801 4228 longitudinem
815 4145 1096 4288 minusuppintbarna,
1118 4147 1149 4202 in
1169 4141 1209 4202 ln·

202 4232 207 4242 ’
230 4251 276 4292 em
290 4243 392 4293 autem
410 4231 524 4316 palmo,
539 4251 616 4314 quae
626 4249 677 4290 rex
692 4227 853 4290 Medorum
867 4247 918 4308 ges
988 4237 1001 4288 t
1014 4227 1211 4308 similiterque

204 4327 419 4392 cameasenus.
998 4341 1014 4378 e
