2986 4862
445 295 732 384 fflsnoaraauu
756 301 796 366 u.
817 307 870 380 19.
1105 281 1190 396 417

104 453 170 520 ταῖν
190 445 268 539 ἡμῖν
283 448 438 538 ύβονλίαν
453 455 521 520 καί.
534 445 779 542 ἀπραγμοσύνην
796 457 1046 541 ,καταμιγνύοντα
1066 456 1227 534 inveniri·
1238 469 1342 544 cota,

104 550 265 638 πρόφασιν
290 549 472 640 παράσχη.”
517 551 642 618 Τούτων
664 547 764 630 οὕτως
789 555 981 642 εἰρημένων,
1010 561 1150 628 ἐπείθετο
1173 565 1288 631 ὁλίάοὸ

105 647 254 736 βασιλεύς
279 649 336 716 καί
356 649 400 728 ὥς
417 653 519 730 καλῶς
537 649 652 736 ἔχοντα
671 653 796 740 ἐπῄνει,
823 655 975 741 ἕπε’τρεπέ
992 683 1025 724 τε
1040 662 1193 742 βουλεύε-

106 755 187 816 σθαι
205 747 279 836 περί
293 747 404 820 αύτού.
448 745 464 814 ὃ
482 753 582 834 μέγας
609 753 644 817 δὲ
669 754 848 834 δομέστικος
868 752 927 830 τὰς
955 757 1060 833 αἰτίας
1078 762 1192 848 πρόῃ.

85 858 164 938 ὅρον
189 848 308 938 ἔφασκε
332 853 449 932 μαθεῖν
467 851 605 934 ἐθέλειν,
631 854 665 930 ἐξ
683 843 730 918 ὧν
753 855 799 930 εἷς
821 856 914 920 τούτο
933 856 1094 945 έναχθείη.
1135 857 1195 931 κᾶν

104 954 166 1034 μὲν
189 947 247 1014 καί
263 949 349 1038 αύτῷ
373 948 464 1034 λόγον
482 949 614 1034 ἔχουσαι
632 953 750 1030 δοκοῖεν
766 950 822 1018 καί
838 956 959 1021 πείθειν
981 957 1115 1044 ἰσχυραί
1119 1009 1131 1044 ,
1160 968 1198 1030 τί

104 1047 170 1135 χρὴ
199 1051 374 1135 περαιτέρω
399 1059 504 1118 πονεῖν
530 1053 599 1140 εἰκῇ
620 1053 889 1136 βονλευομένουςς
930 1051 965 1120 τύ
991 1055 1110 1125 κωλύον
1132 1061 1193 1152 γὰρ

106 1149 200 1214 αύδὲν
220 1145 260 1213 τὰ
274 1152 376 1224 καλῶς
393 1150 546 1216 δοκούντα
562 1148 647 1234 ἔχειν
662 1161 773 1218 ποιεῖν,
802 1146 843 1218 ἂν
860 1155 896 1217 δ’
915 1145 981 1240 ύρα
995 1155 1041 1240 μὴ
1059 1161 1194 1227 τοιαῦτα
1264 1183 1267 1188 ·

48 1285 53 1294 κ
106 1249 286 1334 φαίνοιντο,
306 1245 401 1314 πάλιν
418 1248 516 1316 αύτόν
530 1251 564 1330 ἐξ
580 1247 794 1338 ἀντιστρόφου
812 1254 853 1316 δι’
875 1248 896 1320 δι’
905 1251 952 1340 μή
966 1254 1119 1339 λογίζοιτο
1134 1259 1195 1325 αύ-

66 1343 161 1424 roric
180 1353 352 1414 λυσιτελεῖν
366 1346 422 1436 τὴν
437 1353 562 1437 πριῖξιν,
581 1355 774 1438 προτιθέναι.
794 1345 854 1418 νύν
866 1356 926 1434 μὲν
943 1359 1001 1420 τού
1020 1354 1124 1442 ύρθσῖς
1139 1361 1221 1428 uniti

106 1444 236 1521 δικαίως
251 1443 376 1530 ἔχοντες
391 1449 543 1536 φαίνηται
561 1449 695 1537 ἧμμένα,
713 1450 889 1516 πείθεσθαί
899 1475 932 1517 τε
945 1451 1041 1518 αύτύν
1053 1460 1108 1521 καί
1116 1457 1197 1543 ύφί-

105 1550 247 1612 στασθαι
261 1551 318 1612 τοῦ
328 1545 374 1632 μή
389 1547 429 1613 τοὶ
450 1551 562 1616 δέοντα
575 1558 685 1615 ποιεῖν·
702 1548 807 1616 ἐὰνδὲ
824 1551 937 1626 ἐνδεῶς
954 1547 976 1636 ἢ
993 1547 1074 1620 ὥστε
1099 1554 1198 1622 ‹tiva-

105 1649 187 1710 σθαι
206 1649 329 1712 πείθειν
345 1645 443 1731 ἔχωσι
459 1647 516 1714 καί
531 1643 719 1734 ἀγχώμαλος
743 1647 869 1736 ἤμύχη
888 1655 1037 1739 καταστῇ,
1057 1653 1121 1719 τότ’
1136 1650 1197 1720 αύ-

104 1744 161 1812 τὸν
179 1747 235 1832 τῆς
248 1745 334 1832 νίκης
359 1747 446 1838 αύτῷ
462 1756 654 1834 προχωρεῖν,
675 1744 779 1834 ὥσπερ
806 1752 883 1826 τούς
905 1745 1115 1836 Ἀθηναώυς,
1141 1757 1197 1839 ’τῆς

64 1841 244 1932 ι5Ἇθηνιῖς
261 1850 507 1934 προστιθεμένης
524 1847 647 1934 ψήφου,
668 1847 756 1932 λόγος
772 1858 882 1916 ποιεῖν.
922 1854 1018 1935 τριῶν
1043 1853 1080 1918 δὲ
1099 1844 1198 1923 ὄντων

106 1941 127 2010 ii
148 1937 189 2010 ιῖν
213 1967 249 2010 σε
269 1944 409 2028 μάλιστα
432 1946 561 2012 δύναιτο
581 1944 658 2032 πρὸς
675 1951 886 2030 μεταμέλειαν
902 1953 966 2014 τῶν
987 1953 1197 2035 γεγενημένων

106 2041 251 2130 ἐνάγειν,
282 2048 342 2112 τού
360 2069 394 2110 τε
423 2043 468 2130 μη
488 2043 615 2122 δικαίως
637 2048 739 2112 δοκεῖν
757 2049 964 2131 πεπρᾶχθαι,
997 2050 1052 2114 καί
1072 2053 1129 2115 τοῦ
1149 2047 1194 2136 μὴ

105 2152 173 2220 τοῖς
188 2141 352 2230 πράγμασι
369 2141 625 2227 λυσιτελούντως,
647 2149 703 2210 καί
719 2147 838 2233 τρίτου,
859 2148 918 2210 τοῦ
936 2171 1008 2212 τινα
1026 2150 1089 2213 τοῖν
1108 2145 1197 2214 δεόν-

105 2266 172 2306 των
187 2245 333 2326 γίνεσθαι
352 2244 541 2324 ἀμελεῖσθαι
566 2241 620 2310 διύ
644 2243 680 2310 τύ
698 2242 744 2330 μὴ
766 2247 899 2327 βασιλέα
921 2254 987 2322 τοῖς
1014 2245 1196 2332 πράγμασιν

61 2325 293 2426 τοέφεστύναι,
320 2337 513 2424 σκεψώμεθα
537 2347 667 2410 ἕκαστον
687 2339 801 2416 αύτῶν.
844 2341 900 2409 καί
915 2342 1041 2430 πρῶτόν
1060 2368 1095 2429 γε
1114 2345 1227 2412 πάν-1)

105 2464 158 2516 τες
176 2433 217 2506 civ
238 2439 311 2522 ἐμοί
338 2451 499 2528 συμφαῖεν
517 2441 561 2518 ode
583 2445 719 2526 μάλιστα
741 2445 916 2530 πέπρακται
939 2445 1076 2520 δικαίως.
1117 2438 1198 2529 πρό-

105 2539 206 2628 τερόνΙ
215 2563 250 2604 τε
265 2539 325 2627 γύρ
348 2537 445 2618 αύτὸς
457 2541 515 2606 ούκ
528 2532 625 2628 ἦρξας
640 2543 789 2626 πολέμου,
807 2538 876 2610 ἀλλ’
893 2539 957 2608 ino*
974 2545 1036 2610 τῶν
1050 2539 1198 2630 πραγμύ-

180 2723 223 2770 ar.
241 2703 359 2770 δικαίως
376 2707 431 2763 ED.
449 2709 476 2766 P.
494 2725 545 2784 pro
564 2706 653 2763 δίκαι.

106 2878 219 2934 modum
237 2883 410 2954 inopinatum
432 2881 573 2955 quidpiam
591 2876 735 2946 acciderit,
769 2882 855 2938 muita
881 2891 972 2938 autem
990 2882 1112 2938 accidere
1127 2899 1197 2954 qne·

106 2953 189 3026 ant,)
206 2953 236 3006 id
252 2963 280 3006 et
295 2955 364 3012 aliia,
374 2963 403 3008 et
416 2964 480 3008 ante
499 2956 566 3008 alioa
580 2955 785 3024 nobismetipsis
803 2955 838 3008 nd
850 2956 1032 3008 temeritatem
1054 2955 1199 3008 inertiam*

108 3041 166 3093 que
179 3033 299 3077 noatrnm
317 3025 549 3079 condemnandam
567 3027 614 3078 fiat
630 3027 744 3080 occasio.
780 3027 861 3078 Dicta
879 3025 1041 3096 approbavit
1051 3027 1200 3094 imperator

108 3101 141 3146 et
156 3097 295 3166 negotium
315 3097 510 3150 consultationi
533 3097 665 3166 permisit.
704 3097 740 3150 Ar
757 3113 868 3167 magnos
882 3095 1046 3150 domentieua
1060 3103 1200 3154 momente

106 3167 186 3236 priua
198 3183 278 3218 norae
298 3164 480 3230 desideravit,
498 3167 598 3240 quibua
612 3176 701 3220 motua
721 3167 750 3220 iu
773 3167 844 3220 hane
856 3169 1024 3220 uoluntatem
1039 3165 1199 3218 descendit-

107 3245 165 3290 ret:
185 3238 288 3307 quaeri
301 3238 357 3290 ribi
371 3255 481 3311 quoque
495 3237 570 3292 haud
588 3239 704 3292 absurda
723 3238 801 3292 etad
817 3239 900 3290 fidem
917 3237 1007 3290 valida
1023 3236 1199 3297 ridebuntur,

107 3307 182 3360 uitra
199 3325 255 3360 non
275 3309 349 3372 iore,
375 3327 423 3362 cur
445 3309 475 3362 in
498 3311 677 3364 consultando
698 3328 714 3361 o
736 3325 782 3362 era
806 3311 903 3362 frustra
919 3317 1107 3374 courumetnrq
1126 3306 1200 3360 nihii

108 3377 185 3430 enirn
201 3379 388 3443 obataturum,
407 3379 493 3452 quin,
513 3396 583 3452 quae
601 3327 785 3434 bertetrudem
800 3381 856 3434 vira
875 3379 944 3442 rint,
962 3387 1131 3449 peragantur.
1168 3377 1200 3430 Si

107 3464 174 3502 vero
192 3445 260 3502 talin
277 3467 333 3502 non
351 3449 540 3520 reperientur,
557 3459 615 3504 tum
627 3452 745 3504 uicissim
765 3467 799 3504 er
823 3451 993 3520 alteraparte
1010 3467 1040 3503 ae
1061 3449 1199 3512 rationes,

106 3524 222 3590 propter
246 3537 313 3591 quar
338 3519 439 3573 iactum
463 3539 519 3574 non
531 3523 705 3590 profuturum
727 3519 890 3582 arbitretur,
907 3520 1111 3589 expetiturum:
1130 3535 1200 3589 quar

106 3593 132 3645 ri
142 3607 158 3642 a
170 3599 244 3644 recto
266 3599 295 3644 et
307 3593 379 3644 iusto
398 3599 473 3662 eptae
489 3591 627 3656 iudicarit,
647 3590 818 3660 obtemperet
835 3597 864 3644 et
879 3599 973 3644 eontra
990 3590 1107 3643 officium
1123 3604 1198 3640 com-

106 3663 219 3714 mittere
232 3668 331 3731 parent
369 3660 451 3734 Quod
469 3663 493 3714 ri
509 3663 575 3714 retia
590 3663 688 3716 virium
710 3661 744 3716 ad
759 3659 978 3731 persuadendum
988 3678 1045 3714 non
1056 3657 1201 3712 habebunt

107 3731 249 3816 fueritque
274 3751 366 3804 pugna
388 3751 506 3804 auceps.
530 3739 590 3786 tom
611 3750 640 3786 ae
658 3733 800 3786 uictoriam
823 3731 866 3784 iili
887 3747 1038 3794 certorum,
1061 3727 1200 3800 quomodo

105 3802 290 3856 Athenienses
306 3806 394 3858 rolere
410 3805 481 3856 sama
504 3811 558 3870 ert,
579 3819 639 3855 eum
653 3803 793 3856 Mineruae
810 3802 928 3854 enicuiua
945 3801 1094 3854 accerserit.
1131 3797 1200 3850 Cum

106 3876 117 3926 i
136 3875 192 3926 'tur
212 3877 264 3928 tria
278 3877 334 3928 rint
348 3876 527 3944 potissimum,
546 3891 616 3946 quoe
630 3884 657 3928 te
672 3873 706 3926 ad
723 3872 931 3944 poenitudinem
948 3873 1014 3925 ineti
1031 3869 1138 3939 possint
1153 3869 1199 3920 in-

108 3892 227 3998 ficere:
247 3945 323 4017 quod
340 3963 395 3998 non
414 3948 485 3998 inate
503 3943 622 4010 iactum3
641 3943 715 4014 quod
728 3961 784 3997 non
798 3961 857 3995 cum
879 3944 1000 3995 utilitate
1014 3937 1200 4009 reipublicaep
1228 3951 1231 3957 ’

111 4015 188 4088 quod
211 4017 346 4070 nonnulle
368 4016 522 4070 necessaria
544 4015 732 4086 negligantur,
757 4015 888 4086 quoniam
905 4029 972 4064 arur
993 4029 1048 4064 non
1067 4011 1199 4079 imperet3

110 4087 328 4159 unumquodque
346 4103 452 4150 eorum,
470 4091 601 4156 quantum
616 4087 706 4138 valeat
718 4085 903 4155 diapioirmur.
940 4081 1114 4152 deprimunt
1134 4080 1200 4162 φηλ-

108 4155 172 4210 dem
185 4175 266 4210 nemo
282 4155 352 4211 milri
369 4176 425 4211 non
442 4157 624 4218 arrentIetnr,
642 4157 791 4208 iuatiraime
805 4155 853 4208 abr
871 4163 898 4206 te
917 4152 1025 4208 iactum·
1061 4151 1106 4203 Tu
1124 4166 1200 4201 emm

105 4225 215 4299 trellum
231 4246 288 4282 non
308 4225 453 4298 incepistir
475 4227 526 4282 aed
549 4225 584 4282 ab
607 4227 657 4280 iiio
675 4227 830 4298 inceptum,
851 4231 962 4279 conetur
982 4239 1010 4276 er
1028 4237 1132 4292 gerere.
1164 4219 1202 4274 Et

179 4333 402 4386 Οτιιιασιιπεπιιι.
967 4340 1000 4396 ¹7
1095 4341 1101 4352 ·
