<?xml version="1.0" encoding="UTF-8"?>
<!DOCTYPE html PUBLIC "-//W3C//DTD XHTML 1.0 Transitional//EN"
    "http://www.w3.org/TR/xhtml1/DTD/xhtml1-transitional.dtd">
<html xmlns="http://www.w3.org/1999/xhtml" xml:lang="en" lang="en">
 <head>
  <title>
</title>
<meta http-equiv="Content-Type" content="text/html;charset=utf-8" />
  <meta name='ocr-system' content='tesseract 3.04.00' />
  <meta name='ocr-capabilities' content='ocr_page ocr_carea ocr_par ocr_line ocrx_word'/>
</head>
<body>
  <div class='ocr_page' id='page_1' title='image "./ioanniscantacuz00niebgoog_0017.png"; bbox 0 0 2946 4872; ppageno 0'>
   <div class='ocr_carea' id='block_1_1' title="bbox 271 290 930 386">
    <p class='ocr_par' dir='ltr' id='par_1_1' title="bbox 271 290 930 386">
     <span class='ocr_line' id='line_1_1' title="bbox 271 290 930 386; baseline -0.009 -28"><span class='ocrx_word' id='word_1_1' title='bbox 271 299 326 358; x_wconf 83' lang='lat' dir='ltr'>ni</span> <span class='ocrx_word' id='word_1_2' title='bbox 699 293 723 352; x_wconf 90' lang='lat'>1.</span> <span class='ocrx_word' id='word_1_3' title='bbox 753 290 930 386; x_wconf 66' lang='lat' dir='ltr'>rourum</span> 
     </span>
    </p>
   </div>
   <div class='ocr_carea' id='block_1_2' title="bbox 271 459 1359 1440">
    <p class='ocr_par' dir='ltr' id='par_1_2' title="bbox 271 459 1353 644">
     <span class='ocr_line' id='line_1_2' title="bbox 271 459 1353 550; baseline -0.009 -24"><span class='ocrx_word' id='word_1_4' title='bbox 271 465 362 542; x_wconf 71' lang='lat' dir='ltr'>cirta,</span> <span class='ocrx_word' id='word_1_5' title='bbox 391 474 514 546; x_wconf 83' lang='lat' dir='ltr'>propter</span> <span class='ocrx_word' id='word_1_6' title='bbox 535 459 706 524; x_wconf 80' lang='lat' dir='ltr'>facilitatem</span> <span class='ocrx_word' id='word_1_7' title='bbox 727 459 879 543; x_wconf 80' lang='lat' dir='ltr'>quendam</span> <span class='ocrx_word' id='word_1_8' title='bbox 900 463 963 522; x_wconf 88' lang='lat' dir='ltr'>eius</span> <span class='ocrx_word' id='word_1_9' title='bbox 980 461 1012 522; x_wconf 88' lang='lat' dir='ltr'>in</span> <span class='ocrx_word' id='word_1_10' title='bbox 1032 462 1190 528; x_wconf 84' lang='lat' dir='ltr'>scribendo</span> <span class='ocrx_word' id='word_1_11' title='bbox 1207 479 1353 550; x_wconf 58' lang='lat' dir='ltr'>oppositu.</span> 
     </span>
     <span class='ocr_line' id='line_1_3' title="bbox 271 565 690 644; baseline -0.014 -18"><span class='ocrx_word' id='word_1_12' title='bbox 271 568 340 626; x_wconf 81' lang='lat' dir='ltr'>nius</span> <span class='ocrx_word' id='word_1_13' title='bbox 362 566 493 626; x_wconf 76' lang='lat' dir='ltr'>nancisci</span> <span class='ocrx_word' id='word_1_14' title='bbox 517 565 690 644; x_wconf 84' lang='lat' dir='ltr'>potuissem.</span> 
     </span>
    </p>

    <p class='ocr_par' dir='ltr' id='par_1_3' title="bbox 273 659 1359 1440">
     <span class='ocr_line' id='line_1_4' title="bbox 353 659 1356 737; baseline 0.004 -14"><span class='ocrx_word' id='word_1_15' title='bbox 353 663 403 724; x_wconf 89' lang='lat' dir='ltr'>Sic</span> <span class='ocrx_word' id='word_1_16' title='bbox 423 665 547 722; x_wconf 87' lang='lat' dir='ltr'>omnino</span> <span class='ocrx_word' id='word_1_17' title='bbox 568 672 631 737; x_wconf 83' lang='lat' dir='ltr'>est,</span> <span class='ocrx_word' id='word_1_18' title='bbox 663 671 697 720; x_wconf 89' lang='lat' dir='ltr'>ut</span> <span class='ocrx_word' id='word_1_19' title='bbox 712 659 793 735; x_wconf 84' lang='lat' dir='ltr'>dixi,</span> <span class='ocrx_word' id='word_1_20' title='bbox 826 661 857 718; x_wconf 90' lang='lat' dir='ltr'>in</span> <span class='ocrx_word' id='word_1_21' title='bbox 875 659 1018 721; x_wconf 84' lang='lat' dir='ltr'>loannem</span> <span class='ocrx_word' id='word_1_22' title='bbox 1040 663 1282 726; x_wconf 80' lang='lat' dir='ltr'>Cantacuzenum</span> <span class='ocrx_word' id='word_1_23' title='bbox 1307 668 1356 728; x_wconf 90' lang='lat' dir='ltr'>in·</span> 
     </span>
     <span class='ocr_line' id='line_1_5' title="bbox 273 758 1354 854; baseline 0.006 -32"><span class='ocrx_word' id='word_1_24' title='bbox 273 761 352 826; x_wconf 90' lang='lat' dir='ltr'>cidi:</span> <span class='ocrx_word' id='word_1_25' title='bbox 380 761 574 844; x_wconf 89' lang='lat' dir='ltr'>quiquidem</span> <span class='ocrx_word' id='word_1_26' title='bbox 595 779 656 842; x_wconf 89' lang='lat' dir='ltr'>quo</span> <span class='ocrx_word' id='word_1_27' title='bbox 676 759 862 820; x_wconf 84' lang='lat' dir='ltr'>commodius</span> <span class='ocrx_word' id='word_1_28' title='bbox 883 758 973 822; x_wconf 80' lang='lat' dir='ltr'>liuius</span> <span class='ocrx_word' id='word_1_29' title='bbox 996 759 1066 824; x_wconf 84' lang='lat' dir='ltr'>libri</span> <span class='ocrx_word' id='word_1_30' title='bbox 1087 766 1134 854; x_wconf 79' lang='lat' dir='ltr'>sui¹</span> <span class='ocrx_word' id='word_1_31' title='bbox 1153 767 1354 845; x_wconf 69' lang='lat' dir='ltr'><strong>occasionem,</strong></span> 
     </span>
     <span class='ocr_line' id='line_1_6' title="bbox 274 859 1357 945; baseline 0.001 -22"><span class='ocrx_word' id='word_1_32' title='bbox 274 884 452 942; x_wconf 81' lang='lat' dir='ltr'>caussasque</span> <span class='ocrx_word' id='word_1_33' title='bbox 475 859 616 936; x_wconf 85' lang='lat' dir='ltr'>afferret,</span> <span class='ocrx_word' id='word_1_34' title='bbox 656 869 686 920; x_wconf 91' lang='lat' dir='ltr'>et</span> <span class='ocrx_word' id='word_1_35' title='bbox 707 879 866 939; x_wconf 81' lang='lat' dir='ltr'>personam</span> <span class='ocrx_word' id='word_1_36' title='bbox 892 859 1112 940; x_wconf 71' lang='lat' dir='ltr'>suamcelaret</span> <span class='ocrx_word' id='word_1_37' title='bbox 1138 863 1230 945; x_wconf 82' lang='lat' dir='ltr'>(quod</span> <span class='ocrx_word' id='word_1_38' title='bbox 1254 875 1357 928; x_wconf 82' lang='lat' dir='ltr'>tamen</span> 
     </span>
     <span class='ocr_line' id='line_1_7' title="bbox 274 958 1355 1045; baseline 0.004 -23"><span class='ocrx_word' id='word_1_39' title='bbox 274 962 357 1022; x_wconf 86' lang='lat' dir='ltr'>baud</span> <span class='ocrx_word' id='word_1_40' title='bbox 376 963 448 1021; x_wconf 86' lang='lat' dir='ltr'>sotis</span> <span class='ocrx_word' id='word_1_41' title='bbox 470 971 557 1032; x_wconf 84' lang='lat' dir='ltr'>caute</span> <span class='ocrx_word' id='word_1_42' title='bbox 578 959 667 1034; x_wconf 88' lang='lat' dir='ltr'>fecit,</span> <span class='ocrx_word' id='word_1_43' title='bbox 693 969 727 1018; x_wconf 92' lang='lat' dir='ltr'>ut</span> <span class='ocrx_word' id='word_1_44' title='bbox 748 979 817 1018; x_wconf 85' lang='lat' dir='ltr'>mox</span> <span class='ocrx_word' id='word_1_45' title='bbox 836 958 959 1036; x_wconf 83' lang='lat' dir='ltr'><strong>docebo)</strong></span> <span class='ocrx_word' id='word_1_46' title='bbox 980 960 1065 1042; x_wconf 80' lang='lat' dir='ltr'>fingit</span> <span class='ocrx_word' id='word_1_47' title='bbox 1087 984 1106 1022; x_wconf 90' lang='lat' dir='ltr'>a</span> <span class='ocrx_word' id='word_1_48' title='bbox 1128 963 1261 1045; x_wconf 83' lang='lat' dir='ltr'>quodam</span> <span class='ocrx_word' id='word_1_49' title='bbox 1283 965 1355 1026; x_wconf 90' lang='lat' dir='ltr'>Nilo</span> 
     </span>
     <span class='ocr_line' id='line_1_8' title="bbox 274 1057 1358 1140; baseline 0.005 -19"><span class='ocrx_word' id='word_1_50' title='bbox 274 1059 415 1121; x_wconf 80' lang='lat' dir='ltr'>familiari</span> <span class='ocrx_word' id='word_1_51' title='bbox 433 1081 464 1120; x_wconf 89' lang='lat' dir='ltr'>sc</span> <span class='ocrx_word' id='word_1_52' title='bbox 485 1059 524 1118; x_wconf 87' lang='lat' dir='ltr'>ad</span> <span class='ocrx_word' id='word_1_53' title='bbox 548 1061 741 1140; x_wconf 81' lang='lat' dir='ltr'>scriptionem</span> <span class='ocrx_word' id='word_1_54' title='bbox 762 1081 816 1140; x_wconf 87' lang='lat' dir='ltr'>per</span> <span class='ocrx_word' id='word_1_55' title='bbox 838 1057 952 1119; x_wconf 78' lang='lat' dir='ltr'>litteras</span> <span class='ocrx_word' id='word_1_56' title='bbox 968 1059 1142 1123; x_wconf 83' lang='lat' dir='ltr'>sollicitari:</span> <span class='ocrx_word' id='word_1_57' title='bbox 1171 1083 1207 1126; x_wconf 89' lang='lat' dir='ltr'>ac</span> <span class='ocrx_word' id='word_1_58' title='bbox 1223 1063 1281 1124; x_wconf 89' lang='lat' dir='ltr'>sibi</span> <span class='ocrx_word' id='word_1_59' title='bbox 1300 1085 1358 1126; x_wconf 87' lang='lat' dir='ltr'>vo-</span> 
     </span>
     <span class='ocr_line' id='line_1_9' title="bbox 274 1157 1359 1246; baseline 0.002 -24"><span class='ocrx_word' id='word_1_60' title='bbox 274 1160 417 1222; x_wconf 82' lang='lat' dir='ltr'>rabulum</span> <span class='ocrx_word' id='word_1_61' title='bbox 444 1157 628 1220; x_wconf 83' lang='lat' dir='ltr'>Christoduli</span> <span class='ocrx_word' id='word_1_62' title='bbox 653 1160 794 1239; x_wconf 85' lang='lat' dir='ltr'>imponit.</span> <span class='ocrx_word' id='word_1_63' title='bbox 846 1158 991 1218; x_wconf 89' lang='lat' dir='ltr'>Idoneum</span> <span class='ocrx_word' id='word_1_64' title='bbox 1016 1161 1170 1241; x_wconf 85' lang='lat' dir='ltr'>profecto,</span> <span class='ocrx_word' id='word_1_65' title='bbox 1208 1183 1318 1246; x_wconf 80' lang='lat' dir='ltr'>nempe</span> <span class='ocrx_word' id='word_1_66' title='bbox 1339 1184 1359 1224; x_wconf 87' lang='lat' dir='ltr'>a</span> 
     </span>
     <span class='ocr_line' id='line_1_10' title="bbox 276 1257 1358 1345; baseline 0.005 -26"><span class='ocrx_word' id='word_1_67' title='bbox 276 1271 357 1319; x_wconf 88' lang='lat' dir='ltr'>statu</span> <span class='ocrx_word' id='word_1_68' title='bbox 394 1271 423 1334; x_wconf 77' lang='lat' dir='ltr'>ct</span> <span class='ocrx_word' id='word_1_69' title='bbox 447 1259 619 1320; x_wconf 88' lang='lat' dir='ltr'>conditione</span> <span class='ocrx_word' id='word_1_70' title='bbox 651 1261 748 1338; x_wconf 88' lang='lat' dir='ltr'>vitae,</span> <span class='ocrx_word' id='word_1_71' title='bbox 776 1279 868 1340; x_wconf 88' lang='lat' dir='ltr'>quam</span> <span class='ocrx_word' id='word_1_72' title='bbox 883 1257 957 1320; x_wconf 88' lang='lat' dir='ltr'>haec</span> <span class='ocrx_word' id='word_1_73' title='bbox 973 1261 1107 1322; x_wconf 88' lang='lat' dir='ltr'>scribens</span> <span class='ocrx_word' id='word_1_74' title='bbox 1124 1262 1254 1344; x_wconf 78' lang='lat' dir='ltr'>agebat:</span> <span class='ocrx_word' id='word_1_75' title='bbox 1287 1283 1358 1345; x_wconf 81' lang='lat' dir='ltr'>egc-</span> 
     </span>
     <span class='ocr_line' id='line_1_11' title="bbox 276 1349 1359 1440; baseline -0.002 -16"><span class='ocrx_word' id='word_1_76' title='bbox 276 1359 329 1424; x_wconf 86' lang='lat' dir='ltr'>bet</span> <span class='ocrx_word' id='word_1_77' title='bbox 343 1370 444 1420; x_wconf 88' lang='lat' dir='ltr'>autem</span> <span class='ocrx_word' id='word_1_78' title='bbox 461 1349 677 1424; x_wconf 78' lang='lat' dir='ltr'>monasticam:</span> <span class='ocrx_word' id='word_1_79' title='bbox 707 1370 738 1420; x_wconf 87' lang='lat' dir='ltr'>et</span> <span class='ocrx_word' id='word_1_80' title='bbox 762 1357 883 1420; x_wconf 87' lang='lat' dir='ltr'>Christo</span> <span class='ocrx_word' id='word_1_81' title='bbox 904 1361 1057 1440; x_wconf 68' lang='lat' dir='ltr'>seruiens,</span> <span class='ocrx_word' id='word_1_82' title='bbox 1084 1363 1193 1422; x_wconf 85' lang='lat' dir='ltr'>merito</span> <span class='ocrx_word' id='word_1_83' title='bbox 1209 1364 1274 1424; x_wconf 90' lang='lat' dir='ltr'>eius</span> <span class='ocrx_word' id='word_1_84' title='bbox 1294 1383 1359 1422; x_wconf 85' lang='lat' dir='ltr'>scr-</span> 
     </span>
    </p>
   </div>
   <div class='ocr_carea' id='block_1_3' title="bbox 274 1457 1472 1542">
    <p class='ocr_par' dir='ltr' id='par_1_4' title="bbox 274 1457 1472 1542">
     <span class='ocr_line' id='line_1_12' title="bbox 274 1457 1472 1542; baseline 0.003 -24"><span class='ocrx_word' id='word_1_85' title='bbox 274 1477 349 1524; x_wconf 77' lang='lat' dir='ltr'>vum</span> <span class='ocrx_word' id='word_1_86' title='bbox 368 1480 401 1520; x_wconf 89' lang='lat' dir='ltr'>se</span> <span class='ocrx_word' id='word_1_87' title='bbox 418 1458 592 1540; x_wconf 84' lang='lat' dir='ltr'>appellavit.</span> <span class='ocrx_word' id='word_1_88' title='bbox 625 1457 787 1520; x_wconf 85' lang='lat' dir='ltr'>Occultare</span> <span class='ocrx_word' id='word_1_89' title='bbox 800 1480 904 1541; x_wconf 91' lang='lat' dir='ltr'>porro,</span> <span class='ocrx_word' id='word_1_90' title='bbox 927 1471 958 1522; x_wconf 86' lang='lat' dir='ltr'>ct</span> <span class='ocrx_word' id='word_1_91' title='bbox 977 1469 1078 1542; x_wconf 84' lang='lat' dir='ltr'>tegere</span> <span class='ocrx_word' id='word_1_92' title='bbox 1094 1481 1254 1542; x_wconf 89' lang='lat' dir='ltr'>personam</span> <span class='ocrx_word' id='word_1_93' title='bbox 1273 1483 1360 1524; x_wconf 84' lang='lat' dir='ltr'>suam</span> <span class='ocrx_word' id='word_1_94' title='bbox 1471 1473 1472 1476; x_wconf 76' lang='grc'>’</span> 
     </span>
    </p>
   </div>
   <div class='ocr_carea' id='block_1_4' title="bbox 269 1557 1372 4232">
    <p class='ocr_par' dir='ltr' id='par_1_5' title="bbox 269 1557 1372 4232">
     <span class='ocr_line' id='line_1_13' title="bbox 275 1557 1358 1642; baseline 0 -20"><span class='ocrx_word' id='word_1_95' title='bbox 275 1557 344 1622; x_wconf 88' lang='lat' dir='ltr'>ideo</span> <span class='ocrx_word' id='word_1_96' title='bbox 366 1557 483 1638; x_wconf 89' lang='lat' dir='ltr'>voluit,</span> <span class='ocrx_word' id='word_1_97' title='bbox 518 1559 609 1641; x_wconf 88' lang='lat' dir='ltr'>idque</span> <span class='ocrx_word' id='word_1_98' title='bbox 636 1559 820 1640; x_wconf 86' lang='lat' dir='ltr'>prudenter,</span> <span class='ocrx_word' id='word_1_99' title='bbox 856 1559 938 1642; x_wconf 92' lang='lat' dir='ltr'>quod</span> <span class='ocrx_word' id='word_1_100' title='bbox 963 1559 1002 1620; x_wconf 89' lang='lat' dir='ltr'>dc</span> <span class='ocrx_word' id='word_1_101' title='bbox 1028 1559 1119 1620; x_wconf 87' lang='lat' dir='ltr'>rebus</span> <span class='ocrx_word' id='word_1_102' title='bbox 1143 1581 1212 1622; x_wconf 87' lang='lat' dir='ltr'>cum</span> <span class='ocrx_word' id='word_1_103' title='bbox 1240 1559 1358 1638; x_wconf 81' lang='lat' dir='ltr'>alienis,</span> 
     </span>
     <span class='ocr_line' id='line_1_14' title="bbox 273 1658 1359 1742; baseline -0.002 -20"><span class='ocrx_word' id='word_1_104' title='bbox 273 1666 341 1722; x_wconf 81' lang='lat' dir='ltr'>tum</span> <span class='ocrx_word' id='word_1_105' title='bbox 358 1659 420 1718; x_wconf 87' lang='lat' dir='ltr'>suis</span> <span class='ocrx_word' id='word_1_106' title='bbox 440 1658 597 1720; x_wconf 84' lang='lat' dir='ltr'>historiam</span> <span class='ocrx_word' id='word_1_107' title='bbox 611 1661 832 1741; x_wconf 86' lang='lat' dir='ltr'>compositurus</span> <span class='ocrx_word' id='word_1_108' title='bbox 855 1670 940 1736; x_wconf 86' lang='lat' dir='ltr'>erat,</span> <span class='ocrx_word' id='word_1_109' title='bbox 968 1669 998 1719; x_wconf 88' lang='lat' dir='ltr'>et</span> <span class='ocrx_word' id='word_1_110' title='bbox 1018 1671 1196 1722; x_wconf 82' lang='lat' dir='ltr'>narraturus</span> <span class='ocrx_word' id='word_1_111' title='bbox 1214 1659 1359 1742; x_wconf 90' lang='lat' dir='ltr'>plurima,</span> 
     </span>
     <span class='ocr_line' id='line_1_15' title="bbox 275 1756 1361 1840; baseline 0.004 -24"><span class='ocrx_word' id='word_1_112' title='bbox 275 1756 386 1838; x_wconf 89' lang='lat' dir='ltr'>quibus</span> <span class='ocrx_word' id='word_1_113' title='bbox 405 1757 562 1820; x_wconf 85' lang='lat' dir='ltr'>audiendis</span> <span class='ocrx_word' id='word_1_114' title='bbox 576 1779 664 1820; x_wconf 88' lang='lat' dir='ltr'>aures</span> <span class='ocrx_word' id='word_1_115' title='bbox 682 1757 864 1840; x_wconf 89' lang='lat' dir='ltr'>quibusdam</span> <span class='ocrx_word' id='word_1_116' title='bbox 883 1757 1040 1836; x_wconf 85' lang='lat' dir='ltr'>dolarent,</span> <span class='ocrx_word' id='word_1_117' title='bbox 1065 1769 1099 1820; x_wconf 89' lang='lat' dir='ltr'>ut</span> <span class='ocrx_word' id='word_1_118' title='bbox 1115 1771 1204 1820; x_wconf 89' lang='lat' dir='ltr'>antea</span> <span class='ocrx_word' id='word_1_119' title='bbox 1222 1759 1361 1821; x_wconf 85' lang='lat' dir='ltr'>videndis</span> 
     </span>
     <span class='ocr_line' id='line_1_16' title="bbox 269 1857 1360 1942; baseline 0.001 -24"><span class='ocrx_word' id='word_1_120' title='bbox 269 1857 355 1918; x_wconf 84' lang='lat' dir='ltr'>&#39;oculi</span> <span class='ocrx_word' id='word_1_121' title='bbox 374 1859 543 1920; x_wconf 85' lang='lat' dir='ltr'>doluerant.</span> <span class='ocrx_word' id='word_1_122' title='bbox 584 1860 642 1922; x_wconf 88' lang='lat' dir='ltr'>Est</span> <span class='ocrx_word' id='word_1_123' title='bbox 664 1881 739 1920; x_wconf 88' lang='lat' dir='ltr'>vero</span> <span class='ocrx_word' id='word_1_124' title='bbox 754 1871 817 1921; x_wconf 90' lang='lat' dir='ltr'>tam</span> <span class='ocrx_word' id='word_1_125' title='bbox 835 1860 1007 1942; x_wconf 82' lang='lat' dir='ltr'>infrequens</span> <span class='ocrx_word' id='word_1_126' title='bbox 1022 1861 1144 1926; x_wconf 87' lang='lat' dir='ltr'>Graecis</span> <span class='ocrx_word' id='word_1_127' title='bbox 1159 1861 1218 1927; x_wconf 88' lang='lat' dir='ltr'>hoc</span> <span class='ocrx_word' id='word_1_128' title='bbox 1236 1879 1360 1938; x_wconf 86' lang='lat' dir='ltr'>nomen,</span> 
     </span>
     <span class='ocr_line' id='line_1_17' title="bbox 277 1955 1362 2040; baseline 0.001 -23"><span class='ocrx_word' id='word_1_129' title='bbox 277 1956 509 2038; x_wconf 86' lang='lat' dir='ltr'>Christodulus‚</span> <span class='ocrx_word' id='word_1_130' title='bbox 530 1970 565 2020; x_wconf 91' lang='lat' dir='ltr'>ut</span> <span class='ocrx_word' id='word_1_131' title='bbox 582 1959 632 2020; x_wconf 87' lang='lat' dir='ltr'>vel</span> <span class='ocrx_word' id='word_1_132' title='bbox 652 1960 723 2020; x_wconf 91' lang='lat' dir='ltr'>hinc</span> <span class='ocrx_word' id='word_1_133' title='bbox 745 1961 804 2020; x_wconf 91' lang='lat' dir='ltr'>isto</span> <span class='ocrx_word' id='word_1_134' title='bbox 824 1959 891 2020; x_wconf 86' lang='lat' dir='ltr'>loeo</span> <span class='ocrx_word' id='word_1_135' title='bbox 913 1959 1052 2020; x_wconf 82' lang='lat' dir='ltr'>fictitium</span> <span class='ocrx_word' id='word_1_136' title='bbox 1072 1981 1107 2020; x_wconf 89' lang='lat' dir='ltr'>ac</span> <span class='ocrx_word' id='word_1_137' title='bbox 1137 1955 1362 2040; x_wconf 88' lang='lat' dir='ltr'>supposititium</span> 
     </span>
     <span class='ocr_line' id='line_1_18' title="bbox 275 2058 1363 2142; baseline 0.003 -27"><span class='ocrx_word' id='word_1_138' title='bbox 275 2069 431 2137; x_wconf 87' lang='lat' dir='ltr'>appareat.</span> <span class='ocrx_word' id='word_1_139' title='bbox 479 2058 616 2142; x_wconf 84' lang='lat' dir='ltr'>Cumque</span> <span class='ocrx_word' id='word_1_140' title='bbox 638 2082 693 2142; x_wconf 91' lang='lat' dir='ltr'>per</span> <span class='ocrx_word' id='word_1_141' title='bbox 714 2059 746 2121; x_wconf 94' lang='lat' dir='ltr'>id</span> <span class='ocrx_word' id='word_1_142' title='bbox 769 2069 888 2142; x_wconf 82' lang='lat' dir='ltr'>tetnpus</span> <span class='ocrx_word' id='word_1_143' title='bbox 911 2061 942 2120; x_wconf 91' lang='lat' dir='ltr'>in</span> <span class='ocrx_word' id='word_1_144' title='bbox 969 2061 1150 2120; x_wconf 88' lang='lat' dir='ltr'>monasterio</span> <span class='ocrx_word' id='word_1_145' title='bbox 1171 2080 1227 2140; x_wconf 90' lang='lat' dir='ltr'>pro</span> <span class='ocrx_word' id='word_1_146' title='bbox 1248 2060 1363 2118; x_wconf 85' lang='lat' dir='ltr'>Ioanne</span> 
     </span>
     <span class='ocr_line' id='line_1_19' title="bbox 277 2157 1362 2242; baseline 0.002 -27"><span class='ocrx_word' id='word_1_147' title='bbox 277 2157 369 2216; x_wconf 86' lang='lat' dir='ltr'>etiam</span> <span class='ocrx_word' id='word_1_148' title='bbox 399 2158 563 2242; x_wconf 86' lang='lat' dir='ltr'>lousaphus</span> <span class='ocrx_word' id='word_1_149' title='bbox 583 2171 700 2222; x_wconf 88' lang='lat' dir='ltr'>mutato</span> <span class='ocrx_word' id='word_1_150' title='bbox 727 2162 850 2221; x_wconf 89' lang='lat' dir='ltr'>nomine</span> <span class='ocrx_word' id='word_1_151' title='bbox 882 2159 1054 2238; x_wconf 88' lang='lat' dir='ltr'>diceretur,</span> <span class='ocrx_word' id='word_1_152' title='bbox 1093 2159 1170 2220; x_wconf 87' lang='lat' dir='ltr'>sicut</span> <span class='ocrx_word' id='word_1_153' title='bbox 1194 2178 1257 2219; x_wconf 89' lang='lat' dir='ltr'>non</span> <span class='ocrx_word' id='word_1_154' title='bbox 1281 2158 1362 2217; x_wconf 86' lang='lat' dir='ltr'>anti-</span> 
     </span>
     <span class='ocr_line' id='line_1_20' title="bbox 277 2259 1361 2340; baseline 0.002 -26"><span class='ocrx_word' id='word_1_155' title='bbox 277 2275 373 2335; x_wconf 88' lang='lat' dir='ltr'>quum</span> <span class='ocrx_word' id='word_1_156' title='bbox 401 2267 432 2316; x_wconf 87' lang='lat' dir='ltr'>et</span> <span class='ocrx_word' id='word_1_157' title='bbox 452 2262 629 2340; x_wconf 88' lang='lat' dir='ltr'>proprium,</span> <span class='ocrx_word' id='word_1_158' title='bbox 667 2263 710 2321; x_wconf 86' lang='lat' dir='ltr'>ita</span> <span class='ocrx_word' id='word_1_159' title='bbox 731 2281 787 2321; x_wconf 88' lang='lat' dir='ltr'>nec</span> <span class='ocrx_word' id='word_1_160' title='bbox 814 2281 928 2321; x_wconf 87' lang='lat' dir='ltr'>novum</span> <span class='ocrx_word' id='word_1_161' title='bbox 963 2261 1039 2320; x_wconf 89' lang='lat' dir='ltr'>istuc</span> <span class='ocrx_word' id='word_1_162' title='bbox 1068 2267 1099 2318; x_wconf 89' lang='lat' dir='ltr'>et</span> <span class='ocrx_word' id='word_1_163' title='bbox 1126 2259 1361 2340; x_wconf 87' lang='lat' dir='ltr'>assumptitium,</span> 
     </span>
     <span class='ocr_line' id='line_1_21' title="bbox 277 2353 1364 2440; baseline 0.004 -26"><span class='ocrx_word' id='word_1_164' title='bbox 277 2353 445 2436; x_wconf 85' lang='lat' dir='ltr'>lousaphus</span> <span class='ocrx_word' id='word_1_165' title='bbox 470 2360 615 2440; x_wconf 87' lang='lat' dir='ltr'>inquam,</span> <span class='ocrx_word' id='word_1_166' title='bbox 653 2361 692 2422; x_wconf 88' lang='lat' dir='ltr'>ad</span> <span class='ocrx_word' id='word_1_167' title='bbox 715 2359 787 2422; x_wconf 84' lang='lat' dir='ltr'>libri</span> <span class='ocrx_word' id='word_1_168' title='bbox 815 2371 969 2422; x_wconf 86' lang='lat' dir='ltr'>auctorem</span> <span class='ocrx_word' id='word_1_169' title='bbox 997 2357 1192 2422; x_wconf 88' lang='lat' dir='ltr'>indicandum</span> <span class='ocrx_word' id='word_1_170' title='bbox 1216 2379 1364 2440; x_wconf 82' lang='lat' dir='ltr'>usurpare</span> 
     </span>
     <span class='ocr_line' id='line_1_22' title="bbox 278 2449 1364 2543; baseline 0.007 -31"><span class='ocrx_word' id='word_1_171' title='bbox 278 2453 397 2516; x_wconf 85' lang='lat' dir='ltr'>decuit:</span> <span class='ocrx_word' id='word_1_172' title='bbox 430 2479 469 2520; x_wconf 88' lang='lat' dir='ltr'>ne</span> <span class='ocrx_word' id='word_1_173' title='bbox 482 2449 658 2522; x_wconf 49' lang='lat' dir='ltr'>¹monachus</span> <span class='ocrx_word' id='word_1_174' title='bbox 683 2463 804 2524; x_wconf 86' lang='lat' dir='ltr'>inanem</span> <span class='ocrx_word' id='word_1_175' title='bbox 830 2463 974 2543; x_wconf 81' lang='lat' dir='ltr'>aucupari</span> <span class='ocrx_word' id='word_1_176' title='bbox 999 2460 1148 2542; x_wconf 77' lang='lat' dir='ltr'>gloriam,</span> <span class='ocrx_word' id='word_1_177' title='bbox 1184 2461 1279 2540; x_wconf 90' lang='lat' dir='ltr'>etqui</span> <span class='ocrx_word' id='word_1_178' title='bbox 1296 2460 1364 2520; x_wconf 88' lang='lat' dir='ltr'>Deo</span> 
     </span>
     <span class='ocr_line' id='line_1_23' title="bbox 278 2553 1364 2646; baseline 0.004 -34"><span class='ocrx_word' id='word_1_179' title='bbox 278 2553 442 2617; x_wconf 87' lang='lat' dir='ltr'>militatum</span> <span class='ocrx_word' id='word_1_180' title='bbox 467 2571 611 2639; x_wconf 87' lang='lat' dir='ltr'>venerat,</span> <span class='ocrx_word' id='word_1_181' title='bbox 642 2562 752 2622; x_wconf 84' lang='lat' dir='ltr'>iterum</span> <span class='ocrx_word' id='word_1_182' title='bbox 774 2583 806 2622; x_wconf 87' lang='lat' dir='ltr'>se</span> <span class='ocrx_word' id='word_1_183' title='bbox 830 2562 957 2646; x_wconf 73' lang='lat' dir='ltr'>negotiis</span> <span class='ocrx_word' id='word_1_184' title='bbox 984 2559 1139 2641; x_wconf 87' lang='lat' dir='ltr'>implicare</span> <span class='ocrx_word' id='word_1_185' title='bbox 1162 2557 1364 2620; x_wconf 87' lang='lat' dir='ltr'>saecularibus</span> 
     </span>
     <span class='ocr_line' id='line_1_24' title="bbox 278 2653 1366 2742; baseline 0.005 -31"><span class='ocrx_word' id='word_1_186' title='bbox 278 2653 447 2718; x_wconf 83' lang='lat' dir='ltr'>videretur.</span> <span class='ocrx_word' id='word_1_187' title='bbox 499 2659 602 2742; x_wconf 85' lang='lat' dir='ltr'>Atque</span> <span class='ocrx_word' id='word_1_188' title='bbox 621 2662 663 2720; x_wconf 91' lang='lat' dir='ltr'>ita</span> <span class='ocrx_word' id='word_1_189' title='bbox 688 2661 781 2722; x_wconf 78' lang='lat' dir='ltr'>codex</span> <span class='ocrx_word' id='word_1_190' title='bbox 809 2663 943 2722; x_wconf 87' lang='lat' dir='ltr'>Graccus</span> <span class='ocrx_word' id='word_1_191' title='bbox 965 2656 1179 2741; x_wconf 71' lang='grc' dir='ltr'>ἀνεπίγραφος</span> <span class='ocrx_word' id='word_1_192' title='bbox 1200 2670 1263 2734; x_wconf 90' lang='lat' dir='ltr'>cst,</span> <span class='ocrx_word' id='word_1_193' title='bbox 1301 2659 1366 2716; x_wconf 88' lang='lat' dir='ltr'>sine</span> 
     </span>
     <span class='ocr_line' id='line_1_25' title="bbox 278 2751 1367 2842; baseline -0.002 -26"><span class='ocrx_word' id='word_1_194' title='bbox 278 2751 368 2816; x_wconf 79' lang='lat' dir='ltr'>titulo</span> <span class='ocrx_word' id='word_1_195' title='bbox 392 2777 528 2836; x_wconf 88' lang='lat' dir='ltr'>prorsus.</span> <span class='ocrx_word' id='word_1_196' title='bbox 578 2761 696 2822; x_wconf 89' lang='lat' dir='ltr'>Deinde</span> <span class='ocrx_word' id='word_1_197' title='bbox 719 2783 753 2822; x_wconf 88' lang='lat' dir='ltr'>ex</span> <span class='ocrx_word' id='word_1_198' title='bbox 782 2763 847 2842; x_wconf 89' lang='lat' dir='ltr'>ipsa</span> <span class='ocrx_word' id='word_1_199' title='bbox 876 2759 938 2820; x_wconf 88' lang='lat' dir='ltr'>Nili</span> <span class='ocrx_word' id='word_1_200' title='bbox 969 2759 1095 2842; x_wconf 87' lang='lat' dir='ltr'>epistola</span> <span class='ocrx_word' id='word_1_201' title='bbox 1122 2759 1367 2818; x_wconf 85' lang='lat' dir='ltr'>Gantncuzenum</span> 
     </span>
     <span class='ocr_line' id='line_1_26' title="bbox 279 2849 1364 2940; baseline 0.004 -31"><span class='ocrx_word' id='word_1_202' title='bbox 279 2849 371 2914; x_wconf 88' lang='lat' dir='ltr'>huius</span> <span class='ocrx_word' id='word_1_203' title='bbox 388 2855 531 2920; x_wconf 83' lang='lat' dir='ltr'>historiae</span> <span class='ocrx_word' id='word_1_204' title='bbox 549 2872 725 2940; x_wconf 87' lang='lat' dir='ltr'>parentem,</span> <span class='ocrx_word' id='word_1_205' title='bbox 755 2870 786 2920; x_wconf 89' lang='lat' dir='ltr'>et</span> <span class='ocrx_word' id='word_1_206' title='bbox 808 2859 997 2920; x_wconf 88' lang='lat' dir='ltr'>conditorem</span> <span class='ocrx_word' id='word_1_207' title='bbox 1018 2877 1081 2920; x_wconf 83' lang='lat' dir='ltr'>esse</span> <span class='ocrx_word' id='word_1_208' title='bbox 1102 2858 1295 2938; x_wconf 88' lang='lat' dir='ltr'>perspicuum</span> <span class='ocrx_word' id='word_1_209' title='bbox 1317 2855 1364 2914; x_wconf 84' lang='lat' dir='ltr'>lit.</span> 
     </span>
     <span class='ocr_line' id='line_1_27' title="bbox 282 2947 1367 3039; baseline 0.002 -29"><span class='ocrx_word' id='word_1_210' title='bbox 282 2949 340 3012; x_wconf 86' lang='lat' dir='ltr'>llla</span> <span class='ocrx_word' id='word_1_211' title='bbox 365 2956 446 3015; x_wconf 88' lang='lat' dir='ltr'>enim</span> <span class='ocrx_word' id='word_1_212' title='bbox 472 2958 585 3038; x_wconf 88' lang='lat' dir='ltr'>verba,</span> <span class='ocrx_word' id='word_1_213' title='bbox 623 2954 678 3020; x_wconf 75' lang='lat' dir='ltr'>uui</span> <span class='ocrx_word' id='word_1_214' title='bbox 697 2949 747 3018; x_wconf 78' lang='grc' dir='ltr'>ὅτε</span> <span class='ocrx_word' id='word_1_215' title='bbox 769 2952 829 3039; x_wconf 76' lang='grc' dir='ltr'>γὰρ</span> <span class='ocrx_word' id='word_1_216' title='bbox 862 2951 903 3018; x_wconf 74' lang='grc' dir='ltr'>τὰ</span> <span class='ocrx_word' id='word_1_217' title='bbox 927 2950 1014 3018; x_wconf 75' lang='grc' dir='ltr'><strong><em>κοινά</em></strong></span> <span class='ocrx_word' id='word_1_218' title='bbox 1035 2953 1183 3025; x_wconf 79' lang='grc' dir='ltr'><strong><em>διετέλεις</em></strong></span> <span class='ocrx_word' id='word_1_219' title='bbox 1208 2947 1367 3034; x_wconf 82' lang='grc' dir='ltr'>πράττων,</span> 
     </span>
     <span class='ocr_line' id='line_1_28' title="bbox 280 3045 1368 3137; baseline 0 -27"><span class='ocrx_word' id='word_1_220' title='bbox 280 3051 420 3132; x_wconf 70' lang='grc' dir='ltr'><strong><em>σωτηρία</em></strong></span> <span class='ocrx_word' id='word_1_221' title='bbox 439 3059 504 3128; x_wconf 76' lang='grc' dir='ltr'><strong><em>τοῖς</em></strong></span> <span class='ocrx_word' id='word_1_222' title='bbox 522 3053 701 3137; x_wconf 77' lang='grc' dir='ltr'><em>πράγμασιν</em></span> <span class='ocrx_word' id='word_1_223' title='bbox 714 3048 815 3137; x_wconf 72' lang='grc' dir='ltr'><strong><em>ἦσθα·</em></strong></span> <span class='ocrx_word' id='word_1_224' title='bbox 834 3051 890 3116; x_wconf 84' lang='grc' dir='ltr'><strong><em>καί</em></strong></span> <span class='ocrx_word' id='word_1_225' title='bbox 905 3055 961 3116; x_wconf 79' lang='grc' dir='ltr'>νῦν</span> <span class='ocrx_word' id='word_1_226' title='bbox 977 3053 1096 3116; x_wconf 82' lang='grc' dir='ltr'><strong><em>σαυτοῦ</em></strong></span> <span class='ocrx_word' id='word_1_227' title='bbox 1115 3045 1265 3133; x_wconf 73' lang='grc' dir='ltr'>γεγονώς,</span> <span class='ocrx_word' id='word_1_228' title='bbox 1287 3046 1368 3130; x_wconf 79' lang='grc' dir='ltr'><strong><em>ἄλη-</em></strong></span> 
     </span>
     <span class='ocr_line' id='line_1_29' title="bbox 280 3143 1368 3236; baseline 0.004 -28"><span class='ocrx_word' id='word_1_229' title='bbox 280 3147 372 3219; x_wconf 76' lang='grc' dir='ltr'><strong><em>θείας</em></strong></span> <span class='ocrx_word' id='word_1_230' title='bbox 411 3153 466 3212; x_wconf 87' lang='grc' dir='ltr'><strong><em>καί</em></strong></span> <span class='ocrx_word' id='word_1_231' title='bbox 497 3150 698 3235; x_wconf 77' lang='grc' dir='ltr'><strong><em>δικαιοσύνης</em></strong></span> <span class='ocrx_word' id='word_1_232' title='bbox 720 3152 921 3236; x_wconf 74' lang='grc' dir='ltr'><strong><em>παράδειγμα</em></strong></span> <span class='ocrx_word' id='word_1_233' title='bbox 937 3149 992 3215; x_wconf 83' lang='grc' dir='ltr'>τὸν</span> <span class='ocrx_word' id='word_1_234' title='bbox 1010 3149 1080 3233; x_wconf 70' lang='grc' dir='ltr'><strong><em>βίον</em></strong></span> <span class='ocrx_word' id='word_1_235' title='bbox 1096 3150 1288 3234; x_wconf 75' lang='grc' dir='ltr'><strong><em>κατέστησας</em></strong></span> <span class='ocrx_word' id='word_1_236' title='bbox 1310 3143 1368 3212; x_wconf 81' lang='grc' dir='ltr'>τόν</span> 
     </span>
     <span class='ocr_line' id='line_1_30' title="bbox 280 3249 1368 3338; baseline 0.003 -31"><span class='ocrx_word' id='word_1_237' title='bbox 280 3249 411 3310; x_wconf 78' lang='grc' dir='ltr'><strong><em>σαυτοῦ.</em></strong></span> <span class='ocrx_word' id='word_1_238' title='bbox 461 3251 510 3314; x_wconf 86' lang='grc' dir='ltr'>Τα</span> <span class='ocrx_word' id='word_1_239' title='bbox 533 3255 617 3314; x_wconf 85' lang='lat' dir='ltr'>enim</span> <span class='ocrx_word' id='word_1_240' title='bbox 637 3268 667 3315; x_wconf 84' lang='lat' dir='ltr'>et</span> <span class='ocrx_word' id='word_1_241' title='bbox 687 3253 838 3338; x_wconf 77' lang='lat' dir='ltr'>qrcamdiu</span> <span class='ocrx_word' id='word_1_242' title='bbox 858 3255 982 3335; x_wconf 80' lang='lat' dir='ltr'>gessisti</span> <span class='ocrx_word' id='word_1_243' title='bbox 1003 3253 1246 3336; x_wconf 82' lang='lat' dir='ltr'>rempublicam,</span> <span class='ocrx_word' id='word_1_244' title='bbox 1281 3251 1368 3324; x_wconf 78' lang='lat' dir='ltr'>sulus</span> 
     </span>
     <span class='ocr_line' id='line_1_31' title="bbox 280 3347 1369 3438; baseline 0.002 -30"><span class='ocrx_word' id='word_1_245' title='bbox 280 3347 409 3432; x_wconf 82' lang='lat' dir='ltr'>imperii</span> <span class='ocrx_word' id='word_1_246' title='bbox 422 3347 537 3432; x_wconf 83' lang='lat' dir='ltr'>suisti.-</span> <span class='ocrx_word' id='word_1_247' title='bbox 570 3367 600 3416; x_wconf 85' lang='lat' dir='ltr'>et</span> <span class='ocrx_word' id='word_1_248' title='bbox 626 3355 744 3428; x_wconf 77' lang='lat' dir='ltr'>lodie,</span> <span class='ocrx_word' id='word_1_249' title='bbox 772 3369 938 3438; x_wconf 80' lang='lat' dir='ltr'>postquam</span> <span class='ocrx_word' id='word_1_250' title='bbox 963 3352 1131 3435; x_wconf 84' lang='lat' dir='ltr'>defunctus</span> <span class='ocrx_word' id='word_1_251' title='bbox 1150 3353 1290 3424; x_wconf 70' lang='lat' dir='ltr'>Iacuere,</span> <span class='ocrx_word' id='word_1_252' title='bbox 1321 3350 1369 3412; x_wconf 84' lang='lat' dir='ltr'>tui</span> 
     </span>
     <span class='ocr_line' id='line_1_32' title="bbox 279 3448 1369 3538; baseline 0.003 -32"><span class='ocrx_word' id='word_1_253' title='bbox 279 3448 382 3530; x_wconf 84' lang='lat' dir='ltr'>ipsius</span> <span class='ocrx_word' id='word_1_254' title='bbox 412 3471 478 3512; x_wconf 85' lang='lat' dir='ltr'>csse</span> <span class='ocrx_word' id='word_1_255' title='bbox 507 3452 691 3532; x_wconf 81' lang='lat' dir='ltr'>instituisti,</span> <span class='ocrx_word' id='word_1_256' title='bbox 725 3457 827 3516; x_wconf 84' lang='lat' dir='ltr'>citam</span> <span class='ocrx_word' id='word_1_257' title='bbox 854 3473 1017 3538; x_wconf 82' lang='lat' dir='ltr'>moresque</span> <span class='ocrx_word' id='word_1_258' title='bbox 1040 3465 1110 3516; x_wconf 89' lang='lat' dir='ltr'>tuos</span> <span class='ocrx_word' id='word_1_259' title='bbox 1136 3451 1297 3528; x_wconf 83' lang='lat' dir='ltr'>veritatis,</span> <span class='ocrx_word' id='word_1_260' title='bbox 1330 3470 1369 3510; x_wconf 86' lang='lat' dir='ltr'>ac</span> 
     </span>
     <span class='ocr_line' id='line_1_33' title="bbox 281 3547 1368 3642; baseline 0.004 -36"><span class='ocrx_word' id='word_1_261' title='bbox 281 3547 421 3610; x_wconf 83' lang='lat' dir='ltr'>iustitiae</span> <span class='ocrx_word' id='word_1_262' title='bbox 446 3554 611 3636; x_wconf 76' lang='lat' dir='ltr'>exemplar</span> <span class='ocrx_word' id='word_1_263' title='bbox 630 3553 779 3636; x_wconf 68' lang='lat' dir='ltr'>effecisti.</span> <span class='ocrx_word' id='word_1_264' title='bbox 829 3556 909 3634; x_wconf 86' lang='lat' dir='ltr'>hae,</span> <span class='ocrx_word' id='word_1_265' title='bbox 946 3557 1091 3636; x_wconf 87' lang='lat' dir='ltr'>inquam,</span> <span class='ocrx_word' id='word_1_266' title='bbox 1121 3574 1211 3614; x_wconf 87' lang='lat' dir='ltr'>voees</span> <span class='ocrx_word' id='word_1_267' title='bbox 1237 3572 1300 3642; x_wconf 74' lang='lat' dir='ltr'>non</span> <span class='ocrx_word' id='word_1_268' title='bbox 1328 3549 1368 3610; x_wconf 86' lang='lat' dir='ltr'>ad</span> 
     </span>
     <span class='ocr_line' id='line_1_34' title="bbox 281 3645 1370 3736; baseline -0.003 -26"><span class='ocrx_word' id='word_1_269' title='bbox 281 3645 438 3726; x_wconf 85' lang='lat' dir='ltr'>Iudicem,</span> <span class='ocrx_word' id='word_1_270' title='bbox 473 3651 652 3732; x_wconf 89' lang='lat' dir='ltr'>Consulem,</span> <span class='ocrx_word' id='word_1_271' title='bbox 687 3653 877 3716; x_wconf 82' lang='lat' dir='ltr'>Praefectum</span> <span class='ocrx_word' id='word_1_272' title='bbox 897 3654 1048 3736; x_wconf 90' lang='lat' dir='ltr'>aliquem,</span> <span class='ocrx_word' id='word_1_273' title='bbox 1084 3651 1137 3713; x_wconf 88' lang='lat' dir='ltr'>sed</span> <span class='ocrx_word' id='word_1_274' title='bbox 1162 3651 1201 3712; x_wconf 86' lang='lat' dir='ltr'>nd</span> <span class='ocrx_word' id='word_1_275' title='bbox 1225 3669 1370 3730; x_wconf 80' lang='lat' dir='ltr'>magnum</span> 
     </span>
     <span class='ocr_line' id='line_1_35' title="bbox 281 3744 1370 3836; baseline 0.01 -31"><span class='ocrx_word' id='word_1_276' title='bbox 281 3744 478 3810; x_wconf 87' lang='lat' dir='ltr'>domesticum</span> <span class='ocrx_word' id='word_1_277' title='bbox 503 3752 648 3813; x_wconf 88' lang='lat' dir='ltr'>loannem</span> <span class='ocrx_word' id='word_1_278' title='bbox 664 3754 926 3834; x_wconf 86' lang='lat' dir='ltr'>Cantncuzennm,</span> <span class='ocrx_word' id='word_1_279' title='bbox 963 3755 1049 3814; x_wconf 90' lang='lat' dir='ltr'>cuius</span> <span class='ocrx_word' id='word_1_280' title='bbox 1073 3764 1142 3836; x_wconf 88' lang='lat' dir='ltr'>post</span> <span class='ocrx_word' id='word_1_281' title='bbox 1158 3750 1370 3816; x_wconf 75' lang='lat' dir='ltr'>Andronicum</span> 
     </span>
     <span class='ocr_line' id='line_1_36' title="bbox 281 3847 1370 3936; baseline 0.005 -31"><span class='ocrx_word' id='word_1_282' title='bbox 281 3847 449 3928; x_wconf 88' lang='lat' dir='ltr'>minorem,</span> <span class='ocrx_word' id='word_1_283' title='bbox 477 3853 623 3933; x_wconf 88' lang='lat' dir='ltr'>quamdiu</span> <span class='ocrx_word' id='word_1_284' title='bbox 645 3855 780 3934; x_wconf 81' lang='lat' dir='ltr'>isvixit,</span> <span class='ocrx_word' id='word_1_285' title='bbox 802 3875 943 3936; x_wconf 88' lang='lat' dir='ltr'>suprema</span> <span class='ocrx_word' id='word_1_286' title='bbox 963 3854 1020 3914; x_wconf 86' lang='lat' dir='ltr'>fuit</span> <span class='ocrx_word' id='word_1_287' title='bbox 1038 3863 1189 3935; x_wconf 85' lang='lat' dir='ltr'>potestas,</span> <span class='ocrx_word' id='word_1_288' title='bbox 1219 3859 1250 3910; x_wconf 86' lang='lat' dir='ltr'>et</span> <span class='ocrx_word' id='word_1_289' title='bbox 1272 3851 1370 3930; x_wconf 87' lang='lat' dir='ltr'>impe·</span> 
     </span>
     <span class='ocr_line' id='line_1_37' title="bbox 282 3949 1371 4037; baseline 0.006 -31"><span class='ocrx_word' id='word_1_290' title='bbox 282 3949 412 4009; x_wconf 86' lang='lat' dir='ltr'>ratoriac</span> <span class='ocrx_word' id='word_1_291' title='bbox 432 3954 569 4034; x_wconf 83' lang='lat' dir='ltr'>proxima</span> <span class='ocrx_word' id='word_1_292' title='bbox 588 3955 619 4014; x_wconf 90' lang='lat' dir='ltr'>in</span> <span class='ocrx_word' id='word_1_293' title='bbox 641 3953 802 4033; x_wconf 81' lang='lat' dir='ltr'>munibus,</span> <span class='ocrx_word' id='word_1_294' title='bbox 830 3965 861 4014; x_wconf 87' lang='lat' dir='ltr'>et</span> <span class='ocrx_word' id='word_1_295' title='bbox 877 3952 958 4036; x_wconf 87' lang='lat' dir='ltr'>apud</span> <span class='ocrx_word' id='word_1_296' title='bbox 977 3973 1082 4037; x_wconf 75' lang='lat' dir='ltr'>omnes</span> <span class='ocrx_word' id='word_1_297' title='bbox 1101 3950 1283 4016; x_wconf 80' lang='lat' dir='ltr'>auctoritas:</span> <span class='ocrx_word' id='word_1_298' title='bbox 1308 3949 1371 4008; x_wconf 87' lang='lat' dir='ltr'>imo</span> 
     </span>
     <span class='ocr_line' id='line_1_38' title="bbox 282 4049 1372 4136; baseline 0.006 -33"><span class='ocrx_word' id='word_1_299' title='bbox 282 4064 356 4106; x_wconf 89' lang='lat' dir='ltr'>vero</span> <span class='ocrx_word' id='word_1_300' title='bbox 377 4049 415 4109; x_wconf 85' lang='lat' dir='ltr'>ad</span> <span class='ocrx_word' id='word_1_301' title='bbox 437 4053 535 4132; x_wconf 86' lang='lat' dir='ltr'>ipsum</span> <span class='ocrx_word' id='word_1_302' title='bbox 554 4073 663 4114; x_wconf 88' lang='lat' dir='ltr'>munus</span> <span class='ocrx_word' id='word_1_303' title='bbox 687 4055 934 4134; x_wconf 85' lang='lat' dir='ltr'>imperatorium,</span> <span class='ocrx_word' id='word_1_304' title='bbox 964 4053 1046 4136; x_wconf 91' lang='lat' dir='ltr'>quod</span> <span class='ocrx_word' id='word_1_305' title='bbox 1063 4051 1143 4112; x_wconf 88' lang='lat' dir='ltr'>idem</span> <span class='ocrx_word' id='word_1_306' title='bbox 1162 4051 1239 4110; x_wconf 85' lang='lat' dir='ltr'>citra</span> <span class='ocrx_word' id='word_1_307' title='bbox 1260 4069 1372 4110; x_wconf 86' lang='lat' dir='ltr'>nomen</span> 
     </span>
     <span class='ocr_line' id='line_1_39' title="bbox 284 4145 1371 4232; baseline -0.008 -16"><span class='ocrx_word' id='word_1_308' title='bbox 284 4145 356 4226; x_wconf 80' lang='lat' dir='ltr'>diu,</span> <span class='ocrx_word' id='word_1_309' title='bbox 387 4151 579 4232; x_wconf 79' lang='lat' dir='ltr'>postmodum</span> <span class='ocrx_word' id='word_1_310' title='bbox 605 4165 634 4216; x_wconf 90' lang='lat' dir='ltr'>et</span> <span class='ocrx_word' id='word_1_311' title='bbox 656 4175 689 4214; x_wconf 86' lang='lat' dir='ltr'>re</span> <span class='ocrx_word' id='word_1_312' title='bbox 710 4165 744 4216; x_wconf 88' lang='lat' dir='ltr'>ct</span> <span class='ocrx_word' id='word_1_313' title='bbox 762 4157 882 4220; x_wconf 78' lang='lat' dir='ltr'>conduc</span> <span class='ocrx_word' id='word_1_314' title='bbox 912 4151 1015 4216; x_wconf 90' lang='lat' dir='ltr'>multis</span> <span class='ocrx_word' id='word_1_315' title='bbox 1034 4151 1120 4216; x_wconf 75' lang='lat' dir='ltr'>cums</span> <span class='ocrx_word' id='word_1_316' title='bbox 1136 4148 1371 4226; x_wconf 79' lang='lat' dir='ltr'>administravit,</span> 
     </span>
    </p>
   </div>
   <div class='ocr_carea' id='block_1_5' title="bbox 0 0 1495 4872">
    <p class='ocr_par' dir='ltr' id='par_1_6' title="bbox 0 0 1495 4872">
     <span class='ocr_line' id='line_1_40' title="bbox 0 0 1495 4872; baseline 0 0"><span class='ocrx_word' id='word_1_317' title='bbox 0 0 1495 4872; x_wconf 95' lang='lat' dir='ltr'> </span> 
     </span>
    </p>
   </div>
  </div>
 </body>
</html>
