2946 4872
526 869 781 936 tuconi
819 871 1142 938 PONTANI

291 995 546 1098 dignitatum
569 1016 619 1066 ac
629 991 903 1094 functionum
923 993 1077 1093 palatii
1093 1011 1134 1070 et
1158 995 1370 1072 ccclesiae
1466 1053 1467 1056 ,

341 1123 777 1225 Corutmuinopoiitcnae,
804 1151 960 1228 quarum
979 1114 1180 1202 ¹historicus
1196 1147 1321 1224 noster

380 1243 563 1325 meminit,
587 1263 640 1314 esc
668 1239 891 1340 Curopalotn
913 1258 950 1316 et
973 1246 1053 1316 eius
1075 1242 1272 1318 sclwliaste

584 1361 815 1456 perusinum
837 1357 1064 1458 explanatio.

287 1549 483 1664 Δεσπότης,
504 1583 670 1647 Dominus.
713 1583 796 1644 Haec
811 1583 971 1667 appellatio
980 1577 1166 1668 imperator,
1194 1585 1263 1648 filiis
1284 1585 1369 1668 eius,

288 1665 432 1727 {intribus
451 1678 482 1728 ct
505 1671 622 1749 generis
635 1666 825 1728 tribuebatur
838 1671 1013 1750 generatim.
1044 1669 1173 1750 Proprie
1187 1669 1227 1730 ab
1241 1673 1370 1752 impera-

285 1751 364 1811 toria
385 1752 538 1812 maiestate
558 1748 706 1814 sccundus
724 1753 765 1830 sie
786 1751 960 1832 dicebatur,
981 1772 1072 1832 quem
1085 1755 1263 1814 recentiores
1277 1755 1372 1816 etiam

155 1871 158 1880 ·
284 1827 437 1911 σεβαστόν
456 1845 613 1896 vocarunt.
657 1833 723 1894 Hoc
744 1837 825 1894 enim
840 1832 931 1894 semel
951 1846 1056 1898 notare
1070 1838 1222 1914 convenit,
1242 1837 1373 1918 impera·

284 1925 365 1976 tores
379 1913 446 1976 illos
459 1917 593 1978 Orientis
606 1913 717 1976 multos
730 1915 832 1976 titulos
845 1915 1022 1977 honorarios
1034 1917 1073 1977 ad
1083 1939 1153 1978 suos
1165 1919 1221 1978 sibi
1239 1917 1372 1980 devinci·

285 1997 378 2058 endos
392 2003 582 2079 excogitasse.
606 2000 642 2058 ln
657 1997 762 2058 Galliis
777 1997 849 2058 olim
864 2001 1017 2080 proximus
1030 2021 1048 2059 a
1063 2020 1133 2083 rege
1147 2003 1244 2061 maior
1258 2001 1371 2064 domus

283 2080 508 2158 nominabatur.
550 2084 735 2142 Graecorum
749 2083 965 2162 imperatorum
980 2082 1114 2165 exemplo
1133 2103 1165 2144 se
1177 2105 1298 2166 quoque
1310 2084 1370 2146 cle-

284 2174 386 2244 spotas
407 2166 499 2224 vicini
527 2166 678 2246 principes
701 2163 759 2224 dici
781 2163 960 2243 volucrunt,
981 2167 1157 2248 praesertim
1186 2165 1307 2248 Balgari
1339 2179 1374 2230 et

282 2245 393 2308 Seruii.
416 2247 478 2323 Qui
492 2247 641 2308 interdurn
657 2248 690 2306 in
704 2247 888 2308 Graecorum
897 2247 1033 2310 historiis
1047 2250 1130 2331 regio
1144 2269 1264 2330 quoque
1277 2249 1371 2311 titulo

285 2339 456 2406 censentur,
470 2344 610 2412 cumpro
624 2329 863 2411 despotisCrales
877 2341 906 2392 ct
918 2353 1024 2392 uxores
1031 2353 1088 2414 pro
1102 2330 1258 2414 despoenis
1267 2331 1371 2393 Crale·

283 2430 341 2472 nac
350 2411 550 2494 appellantur3
570 2413 627 2473 hoc
641 2415 846 2494 quippesonet
860 2435 969 2475 nomen
980 2413 1156 2496 barbarum.
1172 2415 1221 2474 Sic
1235 2413 1369 2476 aCanta-

282 2514 395 2554 cuzeno
410 2493 598 2556 Acarnaniae
619 2507 648 2556 et
669 2495 805 2556 Aetoliae
818 2499 914 2578 prinei
937 2519 968 2558 es
980 2497 1121 2579 despotae
1135 2497 1287 2556 dicuntur.
1309 2497 1371 2558 Vc·

281 2597 352 2636 rum
367 2587 468 2637 noster
483 2577 643 2638 historicus
658 2578 890 2640 Constantinum
934 2580 1072 2640 ndroniei
1093 2579 1188 2639 filiurn
1209 2579 1370 2660 despotam

198 2673 201 2680 '
281 2669 424 2720 vocatum
438 2659 553 2740 scribit,
569 2664 621 2743 qui
635 2672 703 2742 post
717 2661 895 2724 Michaclem
908 2663 1030 2724 fiatrem
1045 2664 1174 2746 genitus,
1189 2683 1244 2742 per
1256 2674 1371 2724 cuncta

280 2743 427 2804 secundas
441 2743 600 2804 obtineret.
623 2743 773 2804 lnsantem
784 2757 893 2807 vocant
902 2745 1040 2828 Hispani.
1063 2743 1261 2806 Observandn
1271 2747 1370 2829 igitur

280 2823 340 2885 clia
353 2828 448 2886 notio.
490 2827 681 2888 Monebimus
694 2829 725 2886 in
741 2827 887 2889 Annotat.

343 2903 648 2988 Παρακοιμῶμενος,
664 2910 791 2970 subaudi
803 2910 860 2970 τοῦ
870 2904 1029 2988 nutritor,
1045 2908 1185 2986 cubiculi,
1194 2907 1371 2974 Accubitor

279 2990 415 3052 cubiculi
429 2991 468 3051 ad
489 2991 628 3072 verbum,
644 2991 735 3052 idest
749 2995 827 3052 sacri
837 2993 970 3054 cubiculi
1001 3015 1054 3053 scu
1081 2993 1272 3054 excubiarum
1286 2996 1371 3054 sacri

279 3073 411 3132 cubiculi
430 3074 618 3154 praefectus,
647 3077 776 3156 principi
797 3095 849 3134 seu
880 3078 1052 3157 imperatori
1079 3097 1098 3136 a
1119 3073 1285 3152 cubiculis,
1307 3088 1370 3138 aut

278 3154 447 3236 praefectus
468 3157 674 3216 excubitorum
709 3167 740 3215 et
753 3157 912 3218 custodum
925 3160 1001 3218 sacri
1016 3157 1159 3220 cubiculi.
1202 3158 1303 3238 Caput
1318 3169 1371 3221 est

278 3257 454 3318 puerorum,
470 3240 522 3317 qui
538 3239 569 3296 in
585 3249 709 3298 metune
723 3249 805 3312 sunt,
821 3249 851 3299 et
865 3239 1129 3318 cubiculariorum,
1142 3239 1255 3300 babens
1271 3243 1371 3304 etiam

277 3317 336 3380 sibi
352 3319 504 3380 subdinnn
520 3319 743 3400 procubitorem
759 3323 835 3381 sacri
850 3321 992 3384 cubiculi.
1016 3324 1062 3384 lta
1077 3320 1269 3404 Curopalata.
1300 3325 1371 3385 Ma·

278 3419 372 3481 gnum
386 3400 603 3462 cubicularium
617 3402 708 3484 aliqui
723 3413 843 3463 vocant.
895 3405 1093 3466 Leunclavius
1107 3405 1258 3465 Pandectc
1273 3403 1372 3468 bisto-

277 3486 342 3544 riae
356 3485 502 3544 'surcicne
516 3505 569 3545 seu
583 3483 622 3545 ad
633 3485 767 3545 Annales
781 3487 936 3547 Turricos:
953 3481 1226 3568 παρακοιμώμενοι
1240 3497 1314 3548 sunt
1326 3491 1372 3550 in-

277 3567 344 3628 timi
359 3567 549 3642 cubicularii,
571 3569 623 3650 qui
638 3567 843 3650 augustalibus
856 3571 888 3628 in
903 3569 1048 3632 cubiculis
1063 3581 1092 3630 et
1101 3572 1158 3651 ipsi
1174 3579 1299 3650 propter
1313 3571 1374 3632 im·

276 3661 430 3730 pecatores
450 3649 650 3710 dormiebant.
699 3649 775 3711 Tale
795 3671 876 3710 nune
890 3650 1020 3712 officium
1036 3664 1080 3714 cst
1094 3651 1175 3733 opud
1189 3651 1370 3716 Turenum

276 3731 436 3794 sultanum
451 3735 514 3792 eius
528 3731 723 3810 cubicularii,
744 3733 797 3814 qui
820 3733 956 3793 Thiodcr
982 3747 1034 3796 aut
1054 3735 1371 3814 Trobada1·appclla·
1463 3763 1464 3785 ¹

277 3823 340 3874 tur.
384 3816 414 3876 Is
429 3818 509 3876 enim
525 3825 555 3876 et
568 3819 647 3875 intra
661 3815 778 3876 Sultani
793 3816 966 3876 cubiculum
978 3829 1069 3878 noctu
1085 3817 1222 3877 excubias
1245 3819 1310 3898 agit
1337 3831 1372 3882 et

225 3929 229 3939 ·
275 3894 411 3976 pluviam
425 3897 540 3958 Saltani
555 3909 668 3958 vestem
683 3908 789 3978 gestat,
802 3908 837 3958 ut
846 3895 1082 3976 παρακείμενος,
1098 3921 1175 3982 quac
1187 3919 1371 3962 sememon-

275 3979 358 4062 gium
372 3991 510 4042 vocatur.
553 3979 600 4040 Ac
613 3991 726 4040 norunt
738 4001 851 4056 ornnes,
872 3983 924 4062 qui
948 3983 1073 4042 Portam
1092 3983 1234 4042 viderunt
1253 3981 1374 4045 Osma·

274 4065 394 4141 nicam,
420 4085 482 4124 non
495 4062 654 4124 Sultanum
667 4062 757 4123 modo
770 4064 907 4124 comitari
921 4064 1159 4144 cubicularium,
1180 4066 1233 4146 qni
1252 4083 1371 4127 sereno

306 4167 396 4228 ioque
408 4145 491 4207 caelo
505 4147 743 4226 scaramangium
764 4147 828 4206 cius
845 4157 952 4226 gestat3
972 4147 1025 4207 sed
1039 4167 1144 4208 omnes
1159 4149 1248 4206 ctiam
1263 4151 1372 4226 quoti·

274 4165 324 4288 ile
338 4231 443 4294 Bessos
466 4239 496 4293 et
510 4230 624 4314 Begos,
645 4230 890 4314 quotiescunque
904 4251 959 4311 per
971 4229 1079 4290 urbem
1093 4229 1132 4292 ad
1146 4239 1265 4312 portam
1279 4233 1372 4313 equi·
