2986 4862
478 325 760 396 Ηιετοιιιλουυ
786 335 826 396 ιι.
849 339 880 409 9.
1127 307 1209 425 367

135 468 218 540 ἀπα
247 469 289 542 ἀν
308 474 453 560 βοδλοιτο
472 479 591 564 crissie,
619 481 675 547 ἰιαέ
699 485 757 551 νῦν
785 485 879 552 οδδέν
906 475 1000 572 ἧττον
1020 488 1099 575 πρός
1125 493 1366 584 retroneum

133 578 426 661 παρεσκευασμένος
459 572 549 646 εἶναι.
601 583 653 669 ἐφ’
676 574 716 648 οὗ
743 585 921 651 discedisse
952 590 1010 653 suiv
1033 591 1218 678 ἐπιχειρεῖς,

132 676 174 742 ου’
200 677 312 758 σάζειν
334 676 391 762 την
409 677 602 746 ἀκολουθῶν
627 677 682 748 τὸν
704 683 806 768 λόγον.
832 689 896 750 πάν
918 685 979 772 γάρ
1000 691 1121 755 ἐθέλειν
1147 705 1312 769 ποι-Μαι

131 783 180 840 εἴν
206 777 305 862 φαίην
333 773 389 861 dv,
427 775 446 844 δ
472 773 510 844 οδ
532 781 574 845 δι’
598 781 654 863 ἐμὲ
681 775 722 848 ἂν
745 782 880 867 γίγνοιτο
890 833 901 866 ,
931 781 984 850 διά
1011 789 1047 852 σέ
1073 789 1119 854 δέ·
1147 789 1221 875 περέ

108 867 172 940 Sosi
188 877 224 940 δέ
250 879 306 942 νῦν
333 875 350 943 ὃ
375 877 466 963 λόγος
489 881 530 944 δι’
555 879 612 961 έμέ
628 871 732 963 ὄντος,
760 875 797 946 οδ
816 883 936 950 δίκαιον
958 879 1027 949 οὐδ’
1052 887 1220 971 ἀναγκαῖον

130 975 177 1052 εἰς
198 975 299 1042 πειθώ
326 983 371 1068 trgi
392 979 469 1070 λόγῳ
489 980 643 1065 χρῆσθαι,
674 974 776 1056 ἄλλους
800 1005 834 1047 τε
859 987 916 1050 καί
940 981 1039 1050 atriu
1066 985 1219 1064 άσαάτοος

128 1075 328 1158 διακειμένου
357 1083 431 1164 περὶ
457 1082 514 1163 ἐμέ
536 1078 590 1144 καί
612 1089 678 1158 τοϊς
705 1079 828 1165 δμοέοις
852 1081 908 1148 καὶ
934 1081 1030 1170 orirer
1057 1085 1220 1171 χρώμενον

126 1175 243 1258 λόγοις,
262 1172 319 1242 orie
333 1172 461 1264 εὔλογον
477 1177 553 1266 πρὸς
570 1181 627 1262 έμέ
642 1182 702 1261 μέν
718 1181 852 1270 ἰσχυράν
880 1180 933 1250 τὸν
951 1181 1043 1267 λόγον
1062 1185 1218 1270 ἡγεῖσθαι,

126 1273 211 1360 πρὸς
227 1281 264 1342 σέ
288 1281 323 1344 δέ
340 1277 383 1364 μη
410 1278 572 1346 δύνασθαι
587 1276 628 1346 τά
648 1278 712 1346 ἴσα.
744 1285 775 1347 εἰ
790 1283 827 1346 δ’
845 1285 880 1348 έν
898 1276 1089 1370 ἀμφοτέροις
1104 1281 1218 1366 ὁμοίαν

87 1373 197 1459 ιοέχει
215 1377 273 1461 τήν
293 1375 389 1462 ἴσχον
398 1429 409 1462 ,
431 1381 551 1445 δίκαιον
568 1381 625 1446 καί
645 1383 683 1446 σέ
700 1375 719 1444 δ
738 1384 858 1462 μᾶλλον
879 1381 940 1464 tyri
953 1381 1112 1465 βούλομαι
1128 1387 1219 1468 ποιῆ-

123 1499 197 1560 σαι,
219 1468 321 1554 άλλως
342 1502 376 1543 τε
393 1479 449 1543 eus*
465 1481 541 1565 περὶ
579 1481 659 1562 έμοῦ
682 1483 739 1546 τοῦ
759 1482 948 1566 ζητουμένου
973 1473 1071 1557 ὄντος.
1106 1465 1219 1548 Τοιοάζ

122 1599 192 1638 των
215 1574 254 1660 δή
275 1601 369 1658 τινων
386 1577 442 1643 καὶ
457 1577 609 1645 πλειόνων
625 1576 743 1666 ἑτέραν
759 1577 839 1664 πρὸς
859 1575 1012 1664 ἀλλήλους
1034 1580 1215 1666 εἰρημένων,

123 1679 283 1757 βασιλέως
298 1679 359 1758 μέν
378 1679 613 1764 ἐπιχειροῦντος
633 1679 756 1744 πειθειν
777 1681 935 1763 δέχεσθαι
957 1679 1015 1763 τήν
1031 1679 1243 1762 ,βασιλείοιηη

120 1777 185 1838 τοῦ
210 1774 348 1858 μεγάλου
370 1777 556 1858 δομεστέκου
584 1780 620 1844 δέ
643 1777 721 1864 μήτε
740 1782 932 1862 βουλομένου
954 1776 1036 1864 μήτε
1064 1779 1215 1860 πειθομέ-

83 1885 200 1954 ι5νου,
225 1873 337 1940 τὰνῦν
360 1877 419 1956 μὲν
441 1874 515 1958 ἔχον
539 1875 748 1964 διελύθησαν,
779 1869 845 1942 οὔτ’
872 1871 1150 1966 ἀπαγορεύσαντος
1168 1877 1213 1952 εἰς

118 1973 214 2048 τέλος
240 1977 410 2058 βασιλέως,
448 1967 521 2040 οὔτε
550 1978 610 2042 τοῦ
634 1979 772 2060 μεγάλου
799 1980 983 2060 δομεστέκου
1010 1977 1212 2060 ἀποσχέσθαι

117 2075 182 2136 τοῦ
200 2069 385 2156 πράγματος
404 2083 511 2140 πεῖσαι
537 2077 724 2161 δυνηθέντος
745 2077 888 2159 βασιλέα.
929 2077 1080 2161 βασιλεὺς
1096 2077 1132 2142 δὲ
1150 2073 1212 2140 αδ-

117 2167 180 2236 εόν
201 2167 302 2248 οὕτως
325 2167 555 2257 ἀνθιστάμενον
576 2174 678 2261 δρῶν,
709 2178 774 2242 δεῖν
801 2174 881 2260 ἔγνω
902 2173 957 2242 καὶ
981 2171 1110 2262 ἑτέρους
1133 2172 1213 2260 πρὸς

117 2267 227 2335 πειθώ
252 2277 464 2358 παραλαβεῖν,
491 2272 527 2341 εἴ
541 2299 608 2352 ποις
629 2276 779 2361 δυνηθειη
802 2277 843 2340 δι’
866 2275 973 2341 αὐτῶν
991 2283 1099 2340 πεῖσαι
1122 2276 1213 2352 δέξα-

76 2373 205 2444 roudus
231 2367 288 2454 τὴν
304 2371 492 2456 βασιλείαν,
521 2377 578 2440 καί
599 2373 789 2460 παραλαβών
815 2369 1020 2462 Ἀνδρόνιιιον
1042 2370 1096 2442 τὸν
1112 2371 1212 2440 Ἀσά-

117 2495 200 2555 νην,
223 2457 298 2536 ὄντα
314 2474 372 2536 τοῦ
387 2472 526 2558 μεγάλου
545 2475 727 2556 δομεστένου
745 2472 918 2560 πενθερὰν,
948 2472 1003 2538 καί
1017 2471 1073 2540 τὸν
1089 2495 1212 2558 πρωτο-

117 2566 279 2655 στράτορα
297 2569 498 2656 Συναδηνόν,
527 2575 583 2638 καλ
604 2573 704 2638 αὐτοῦ
727 2571 866 2657 μεγάλου
888 2571 1072 2655 δομεστέκου
1096 2567 1213 2656 παρέν-

116 2689 197 2752 τος,
226 2666 305 2751 μετά
329 2668 365 2734 τά
393 2673 601 2756 διαλεχθῆναι
629 2671 707 2758 περέ
725 2696 818 2738 τινων
842 2666 959 2756 ἑτέρων
983 2668 1060 2754 πρὸς
1087 2665 1211 2750 αάτοδς,

116 2761 184 2855 ἤδη
208 2765 355 2856 καὶπερὶ
375 2771 431 2836 τοῦ
453 2773 658 2870 ηροκειμένου
676 2771 979 2858 προοιμιαζομένου,
1001 2767 1018 2834 ὁ
1037 2770 1135 2854 μέγας
1152 2769 1236 2848 ‹io-c

115 2976 181 3016 rum
199 2977 268 3033 quse
287 2963 336 3018 illc
353 2963 421 3016 velit
441 2966 541 3030 omnis,
560 2964 635 3017 etin
653 2979 779 3033 praesens
793 2961 882 3016 nihilo
901 2963 991 3016 minus
1008 2961 1042 3016 sd
1055 2962 1108 3016 hoo
1121 2963 1211 3033 ipsum

114 3040 244 3101 paratum
266 3048 351 3090 esse..
374 3035 503 3087 Ceterum
527 3034 602 3108 quod
621 3035 701 3088 modo
720 3053 735 3087 a
753 3052 781 3086 se
800 3041 912 3087 conetur
934 3035 1098 3104 impetrare,
1123 3035 1152 3084 in
1177 3049 1211 3085 eo

113 3119 177 3154 non
187 3101 243 3155 dici
256 3103 441 3163 cohaerentia.
477 3107 576 3158 Omnis
593 3109 666 3158 euim
684 3113 808 3174 prompte
826 3119 870 3156 me
882 3113 1071 3158 exsecuturum
1085 3103 1212 3166 dixerim,

115 3175 223 3244 inquit,
242 3191 310 3244 qnae
325 3191 380 3228 uon
397 3184 509 3246 propter
525 3193 579 3240 me,
596 3175 643 3230 sed
662 3183 817 3246 propterte
834 3176 908 3228 fiunt
945 3175 1013 3228 Cum
1026 3193 1106 3245 porro
1118 3173 1157 3234 id,
1176 3173 1211 3226 δε

115 3259 178 3315 quo
198 3261 271 3296 nunc
289 3261 440 3298 sermonem
459 3245 608 3310 hebemus,
626 3257 738 3318 propter
761 3263 803 3299 me
822 3247 868 3309 sit,
893 3262 984 3318 neque
1002 3247 1109 3299 iustitis
1136 3246 1212 3308 sinit,

113 3330 211 3383 neque
223 3319 372 3368 necessitas
390 3317 495 3388 flagitat
514 3318 664 3402 quidquam
685 3327 713 3370 te
732 3318 876 3370 verborum
894 3316 1010 3386 emplius
1028 3315 1212 3386 persuasionis

115 3401 184 3454 ergo
201 3387 338 3456 proloqui.
375 3387 441 3440 Nam
460 3389 524 3459 quin
542 3396 573 3440 tu
591 3396 629 3440 ιιι
644 3393 754 3442 effectus
775 3405 803 3441 cs
822 3404 883 3457 ergo
900 3394 957 3448 sne,
978 3394 1009 3439 ιιι
1026 3404 1075 3456 ogo
1094 3403 1156 3456 erge
1174 3394 1212 3448 te,

115 3463 149 3508 et
165 3455 238 3508 idcm
258 3457 333 3528 quod
351 3472 401 3526 rgo
418 3459 573 3526 profiteris,
597 3476 653 3510 non
673 3467 715 3510 cst
733 3459 881 3512 secundum
898 3458 1031 3510 tutionem
1048 3459 1212 3520 existimare,

115 3527 270 3580 orationem
284 3535 357 3578 tunm
374 3528 447 3597 apud
465 3545 508 3580 me
523 3529 613 3580 volere
628 3529 738 3592 dobere,
757 3545 843 3581 meum
859 3526 933 3597 apud
950 3534 978 3580 te
995 3545 1051 3582 non
1070 3530 1146 3584 item.
1182 3525 1212 3578 Si

114 3597 206 3666 igitur
219 3598 248 3648 in
263 3606 380 3667 utroque
392 3599 506 3650 eundem
521 3599 574 3650 vim
586 3597 670 3650 habet
680 3599 808 3669 idemque
818 3599 900 3660 vaiet,
918 3595 998 3650 decet
1009 3607 1041 3650 ut
1050 3605 1084 3650 tu
1101 3613 1211 3670 quoque

113 3665 193 3738 quod
208 3683 257 3736 ego
271 3669 373 3732 malim,
390 3669 419 3720 id
437 3675 565 3738 praestes,
583 3685 644 3720 cum
657 3671 815 3738 praesertim
827 3669 862 3722 de
877 3685 921 3721 me
933 3669 969 3720 sit
984 3671 1132 3738 negotium.
1159 3669 1208 3718 liis

114 3745 148 3792 et
161 3737 285 3806 pluribus
300 3739 372 3790 ultro
387 3741 511 3810 citroque
530 3738 619 3800 dietis,
638 3741 800 3808 imperatore
817 3739 846 3791 id
863 3747 969 3809 agente,
986 3748 1090 3790 utrum
1105 3737 1138 3789 nd
1157 3739 1209 3788 im-

112 3809 190 3880 perii
202 3811 359 3862 societatem
373 3809 565 3877 capessendum
582 3809 734 3872 induceret,
746 3827 842 3879 magno
860 3825 922 3862 vero
937 3808 1084 3862 domestico
1101 3823 1209 3876 prorsus

113 3877 266 3940 abnuente,
280 3881 310 3930 in
325 3897 451 3948 prsesens
467 3881 581 3948 digressi
596 3889 673 3932 suut:
691 3898 751 3932 cum
765 3897 816 3932 uec
827 3880 900 3932 iilos
922 3897 963 3932 em
976 3881 1086 3932 omuino
1103 3879 1209 3928 obiice-

113 3957 172 4002 retr
192 3966 243 4002 uec
260 3947 305 4000 hic
317 3957 422 4001 tontum
436 3951 548 4006 voleret.
568 3957 598 4000 ut
615 3967 631 4000 ss
646 3953 783 4002 sententis
802 3951 880 4002 iilum
895 3897 1077 4019 detorqueret.
1107 3947 1210 4000 Videns

114 4035 181 4090 ergo
194 4019 263 4072 esico
279 4021 463 4074 referet-urium
480 4022 636 4088 imperator,
654 4021 723 4072 aiios
736 4023 847 4090 insuper
860 4023 889 4074 iu
903 4027 1004 4089 purtem
1016 4019 1116 4071 inbonis
1127 4017 1209 4072 huius

112 4107 212 4142 vocure
232 4091 346 4151 statuit,
370 4092 393 4142 si
413 4091 483 4142 forte
502 4107 551 4159 per
568 4105 614 4142 eos
633 4089 707 4159 quod
725 4091 834 4143 solebat
860 4096 1077 4160 consequeretur.
1125 4090 1210 4157 igitur

112 4160 304 4214 Andronicum
321 4161 452 4223 Amnem,
479 4161 565 4228 ipsius
585 4177 722 4224 socerum,
750 4171 778 4214 et
796 4169 1017 4232 protostratorem
1037 4157 1210 4226 Syuadcnum

113 4231 247 4284 assumit:
266 4229 472 4304 domesticoque
489 4247 579 4284 coram
591 4240 744 4302 praesente,
761 4241 906 4303 postquem
923 4247 1005 4300 super
1017 4229 1078 4282 siiis
1091 4227 1212 4282 nonnul·
