2946 4872
491 325 735 394 uetustus·¹
1098 333 1164 404 χιχ

109 495 177 559 baud
198 495 276 562 leves
296 497 488 584 per‘poesam,
521 495 630 559 eruditi
656 493 881 564 uou'riesciunt.
927 499 1086 568 Addamus
1106 503 1163 570 boe

108 618 155 680 pro
169 595 332 665 corollario.
372 599 545 659 Gmucnses
581 608 612 659 ct
642 599 751 660 Veneti
777 599 872 662 multa
895 599 945 664 bio
963 603 1004 666 ab
1024 603 1090 668 aliis
1114 605 1163 667 tn·-

107 699 207 760 stosieis
224 700 286 759 suis
304 698 534 781 praetermissa,
566 707 619 758 aut
638 715 794 779 nunquam
810 701 929 783 cognita
949 702 988 765 de
999 704 1163 772 maioribus

107 795 176 873 suis,
207 798 503 878 oommquevittute
545 803 576 857 et
611 794 696 857 factis
720 795 836 880 legere,
864 808 896 861 et
920 801 1164 882 quaednmfalso

107 893 140 954 de
154 894 251 956 iisdem
273 895 420 958 hedenus
441 896 551 978 scripta
576 893 801 978 deprehendere
818 903 969 982 poterunt.
1158 895 1167 942 Γ

174 1001 291 1080 Restat,
311 1009 349 1059 ut
364 1015 442 1078 quoe
457 1015 513 1057 uos
534 993 585 1058 vel
606 997 827 1078 praestitimus,
854 997 904 1060 c'el
918 1009 1070 1082 praestare
1089 1023 1163 1066 eon.

106 1097 255 1180 tendimus,
274 1097 452 1160 indies-us.
492 1095 531 1156 lu
548 1091 774 1176 interpretando
793 1115 861 1158 eom
883 1100 1011 1180 speeiem
1034 1121 1092 1184 pro
1111 1122 1163 1163 es.

106 1208 153 1279 ptu
170 1209 266 1260 nostro
288 1197 451 1259 consectati
475 1215 599 1276 sumus,
627 1215 720 1277 worn
743 1215 779 1256 ex
802 1215 907 1258 comm
932 1196 1079 1280 lectione,
1109 1202 1163 1284 qui

105 1295 139 1356 de
152 1299 258 1380 optimo
276 1317 385 1380 genere
403 1293 619 1378 interpretandi
641 1307 869 1377 praeceperunt,
889 1297 1098 1382 bonorumque
1114 1303 1163 1362 iu-

104 1403 253 1476 terpretum
272 1395 482 1458 observatione
502 1401 603 1455 marte
632 1398 808 1477 oodoeptsm
850 1405 940 1479 atque
971 1397 1163 1464 miormatnm

104 1493 279 1557 tenebamus:
313 1515 392 1579 quae
420 1491 588 1554 cuiusmodi
618 1493 676 1573 sit,
715 1493 738 1555 ii
763 1495 952 1577 potissimum
979 1497 1162 1582 intelligunt,

104 1613 217 1674 quorum
233 1593 382 1656 industsis
401 1593 434 1654 in
457 1592 564 1654 eodem
586 1581 738 1654 curriculo
759 1613 791 1656 se
809 1593 970 1676 siquando
991 1597 1161 1680 explicavit.

104 1691 226 1754 Codieun
240 1713 386 1778 perquam
408 1690 608 1771 mendosum,
639 1691 778 1774 maleque
797 1694 1021 1776 interpmcmtn
1044 1699 1162 1780 saepi..

102 1811 177 1853 nus:
196 1803 230 1855 ut
243 1793 381 1855 divinare
408 1800 439 1853 et
452 1793 603 1852 coniicere
617 1790 791 1874 frequenter
811 1795 990 1875 oportuerit.
1030 1794 1163 1858 Nomina

102 1887 237 1970 locorum,
258 1913 337 1974 quae
356 1911 413 1952 uec
431 1889 676 1973 diligentissimus
699 1889 835 1953 Ortelius
855 1895 957 1954 omnia
978 1891 1111 1978 collegit,
1131 1905 1164 1958 ct

101 2008 289 2070 pnsonamm,
302 2008 380 2073 quse
393 1988 443 2052 vel
458 1989 661 2052 Graecinium
673 1989 812 2052 occidens
826 2001 856 2052 et
878 1991 1162 2075 dcssopfluuupisp,

101 2085 141 2146 sel
159 2085 343 2150 librariorum
373 2090 530 2151 oscitantia
553 2089 757 2173 depravarat,
793 2087 905 2151 abetrbi
930 2088 970 2151 de
989 2091 1162 2154 coniectura

100 2189 318 2270 numdavimus,
340 2191 428 2272 (nam
442 2191 495 2272 qui
510 2191 646 2250 omnium
660 2203 765 2252 veram
783 2199 815 2250 et
831 2209 1005 2271 germanam
1031 2191 1162 2273 seriptu-

99 2303 155 2346 ram
173 2289 363 2352 coniectando
385 2291 480 2373 possit
499 2291 638 2372 assequi,
678 2309 733 2373 ego
753 2288 876 2372 quidem
893 2288 1030 2350 littorum
1050 2289 1161 2370 opinor

98 2389 251 2470 neminem,)
264 2391 376 2452 omissa
393 2389 542 2474 quaedem
556 2385 782 2472 supplevimus:
805 2389 838 2449 in
852 2385 985 2471 singulos
998 2385 1092 2448 libros
1106 2407 1162 2470 pes

98 2483 200 2549 tiochus
226 2511 278 2551 seu
300 2491 447 2572 epitomas
467 2490 719 2571 conscripsimus,
739 2507 816 2570 quas
837 2497 869 2548 et
891 2484 1006 2548 loetum
1026 2485 1067 2547 sd
1080 2505 1160 2568 ugo-

97 2582 290 2670 παρασκευήν,
312 2600 343 2650 et
358 2591 385 2650 ei
400 2590 453 2671 qui
465 2590 528 2650 ism
542 2587 627 2671 legit,
649 2585 689 2648 ad
703 2577 977 2669 destructorium
991 2583 1081 2648 utiles
1094 2571 1160 2646 lore

96 2679 270 2748 wnfidimnss
305 2686 418 2750 relictis
449 2687 630 2750 sectionibus
655 2687 747 2769 (ques
776 2687 809 2746 in
834 2683 985 2768 plerisque
1004 2683 1160 2746 codicibus

94 2779 154 2838 sive
172 2785 275 2846 scribas
307 2789 372 2848 sive
391 2786 537 2866 lectores3
557 2807 621 2847 non
641 2788 723 2868 ipsos
751 2795 888 2846 auctores
915 2785 1095 2866 excogitasse
1128 2793 1160 2844 et

94 2873 252 2944 adhibuisse
264 2887 345 2964 reor)
367 2885 450 2967 quod
464 2885 555 2945 modo
569 2886 660 2944 nimis
673 2883 818 2962 crebrae,
840 2881 932 2942 modo
953 2883 1044 2942 nimis
1058 2901 1158 2958 rarae,

94 2977 198 3057 saepius
209 2993 417 3066 argumentum
438 2985 489 3046 vix
502 3003 537 3043 ex
550 2983 661 3044 triente
679 2979 980 3070 comprehenderent,
1000 2979 1032 3037 in
1046 2980 1158 3059 capitu,

94 3089 169 3136 more
180 3079 365 3164 Latinorum,
379 3090 479 3144 totum
492 3099 603 3164 corpus
615 3079 792 3157 divisimus,
811 3087 847 3139 ut
860 3085 1008 3159 quarm
1029 3077 1159 3139 maxime

93 3189 240 3262 memus,
258 3181 365 3244 lectori
377 3182 480 3244 lumen
493 3178 778 3264 praepanderemus.
810 3177 907 3238 Locos
921 3173 1036 3258 aliquot
1048 3195 1157 3258 patum

93 3289 186 3356 tanos,
205 3286 364 3363 praetextis
377 3283 410 3343 in
425 3285 490 3366 ipso
511 3291 651 3343 contextu
664 3275 987 3356 animadversionibus,
1008 3277 1156 3358 perstrin-

95 3373 194 3458 ¹imns3
218 3403 294 3465 quas
306 3381 432 3465 ¹quidem
453 3391 561 3466 rogatu
574 3389 679 3441 nostro
699 3377 827 3438 lacobus
841 3377 1023 3453 Gretserus,
1053 3375 1155 3438 Socie-

94 3477 152 3536 fflfit
163 3493 278 3546 nostrae
299 3481 491 3566 lireologus,
513 3491 544 3543 et
563 3483 595 3541 in
611 3475 775 3540 Academia
798 3473 1020 3558 lngolstadiana
1039 3473 1156 3557 profes-

94 3591 138 3632 ⁸⁰¹
149 3579 330 3662 ordinarius,
357 3579 546 3664 conseripsit.
587 3577 630 3639 Et
651 3577 726 3638 haec
740 3575 886 3664 lecimus,
917 3573 1013 3656 magis
1034 3581 1070 3633 ut
1083 3591 1156 3634 can·

93 3671 183 3739 dotem
194 3695 330 3744 nostrum
343 3681 431 3743 bonis
445 3681 519 3742 viris
533 3677 742 3762 probaremus,
756 3693 849 3758 quum
862 3671 945 3756 qood
959 3669 1023 3751 ills,
1039 3671 1155 3754 qunlia-

93 3789 296 3860 sanguem,
316 3781 376 3842 hoc
395 3780 517 3864 quidem
532 3775 674 3854 saeculo,
702 3785 733 3835 et
753 3776 786 3834 in
810 3773 858 3834 his
877 3772 966 3834 terris
987 3769 1027 3832 ed
1047 3791 1155 3851 quem-
1278 3841 1286 3850 '

93 3889 171 3950 quim
198 3879 390 3942 inficiendum
425 3877 711 3962 depravandumque
744 3871 877 3935 valitura
913 3869 1154 3932 formidaremus.

94 3967 159 4047 Quis
171 3981 246 4040 enim
259 3983 376 4059 nescit,
405 3982 495 4040 ctiam
509 3979 561 4061 qui
581 3975 695 4036 littores
709 3993 772 4034 uon
792 3971 910 4050 didicit,
930 3990 992 4032 non
1010 3979 1076 4029 tum
1090 3971 1155 4051 pri-

93 4083 185 4154 mum,
206 4079 412 4162 propendente
425 4077 538 4140 scilieet
557 4077 619 4136 iam
632 4073 671 4134 ad
685 4091 825 4134 occasum
837 4070 982 4152 imperio,
1008 4065 1062 4129 sed
1073 4065 1154 4130 mul-

94 4167 126 4227 ὼ
137 4184 201 4239 ²³12
212 4199 362 4244 annonem
375 4179 540 4260 oenuuiis,
560 4193 655 4259 paene
675 4181 745 4256 post
764 4168 1041 4251 octingentesimum
1053 4165 1154 4229 statim
