2918 4846
434 297 722 378 ursroltltttutr
743 319 782 381 ιι.
804 323 854 392 37.
1106 295 1188 408 529

103 467 168 532 τάν
179 461 228 551 μὴ
249 457 355 552 ὀρθαῖς
368 463 510 549 ἐχόντων,
526 459 612 530 itii
631 469 685 534 καί
701 469 777 553 ε’μοί
786 471 962 540 ,nervuum
979 469 1330 560 nupatroriersA.C.13³p

100 556 142 630 τά
165 569 360 631 ‹rr-vortam
403 564 618 648 ὖμεῖςτοίνυν
636 573 794 652 βασιλέως
813 572 1003 650 ἀποστάντες
1026 567 1119 638 οὐδὲν
1138 574 1183 650 εἷς

100 666 188 748 ὑμᾶς
207 665 501 752 άγνωμονήσαντος,
530 667 796 756 προσεχωρήσατε
816 681 879 751 τοῖς
903 671 1106 760 Ταραντίνοις
1123 675 1184 756 οὐχ

100 765 214 840 άπλοῖς
228 765 302 829 οὐδὲ
320 761 449 850 άλόγονς,
465 761 536 830 ἀλλ’
547 767 685 850 οἰόμενοι
703 773 742 858 τῇ
754 769 879 836 ἐκείνων
893 772 1059 859 συμμαχίᾳ
1067 771 1184 855 Ἀκαρ-

78 869 215 932 5νανιάν
244 861 438 950 δυνήσεσθαι
462 862 593 951 ὑπάγειν
618 864 755 946 ἑαυτοῖς.
795 873 886 936 τοῦτο
910 873 945 935 aa
974 865 1046 936 οὐδὲ
1076 867 1183 952 ὀλίγον

97 965 155 1028 δεῖ
170 965 231 1028 τοῦ
245 958 325 1030 εἶναι
342 965 486 1061 δονατάν.
507 961 603 1032 uiros*
618 965 678 1054 γάρ
701 963 760 1055 ἀφ’
779 963 901 1035 ἑαυτῶν
920 967 987 1059 sitq
1007 966 1184 1050 κινούμενοι
1192 978 1225 1033 V.
1234 979 1284 1048 257

96 1062 264 1153 πλεονεξίᾳ
284 1065 432 1142 πολλάκις
449 1063 624 1152 Ἀκαρνάσι
644 1073 770 1160 στρατῷ
788 1067 913 1160 μεγάλῳ
933 1066 1186 1155 ἐπεστράτευσαν

97 1159 156 1226 καί
174 1165 237 1249 τήν
256 1159 367 1250 χάραν
387 1163 550 1232 ἐκάκωσαν
569 1161 629 1232 ὅσα
647 1166 785 1249 μάλιστα
805 1171 896 1254 ἐξῆν·
925 1167 1043 1244 πόλεως
1071 1171 1107 1232 δὲ
1129 1166 1185 1230 osi·

98 1261 216 1342 ιλεμιᾶς
236 1262 441 1350 ἠδυνήθησαν
461 1267 566 1353 κύριοι
583 1267 751 1352 γενέσθαι,
781 1261 852 1334 οὔτε
874 1262 979 1344 ὅπλοις
998 1267 1186 1351 βιασάμενοι

59 1349 176 1424 Ιοοῖίτε
195 1363 361 1452 πολιορκίᾳ
377 1357 609 1448 ἀναγκάσαντες
628 1366 778 1456 ὁμολογίᾳ
795 1371 1005 1454 παραδοῦναι,
1027 1367 1093 1430 ἀλλ’
1116 1365 1208 1434 ἄνα-Β

62 1493 66 1510 ·
97 1455 257 1546 χάρησαν
279 1454 325 1528 οἷν
347 1455 421 1548 η’γον
443 1459 652 1550 ἀποβαλόντες
673 1467 728 1532 οὐκ
749 1462 890 1551 ὀλίγους,
918 1465 999 1553 πλὴν
1027 1467 1057 1531 εἰ
1074 1461 1118 1549 μη
1142 1453 1187 1528 ὧν

98 1557 213 1638 αὐτοῖς
235 1554 355 1639 ἑκόντες
375 1559 404 1627 οἱ
419 1562 628 1652 Ἀκαρνανίας
648 1559 799 1653 ἄρχοντες
827 1564 1058 1652 παρεχώρησαν
1065 1615 1076 1647 ,
1103 1568 1188 1628 Βον-

97 1659 211 1744 τίτζης
241 1661 297 1726 καί
323 1660 517 1728 Ναυπάκτου
544 1667 600 1730 καί
624 1669 821 1752 Βοθρεντοῦ,
849 1661 929 1730 ὥστε
959 1663 1044 1748 ἔχειν
1072 1655 1189 1738 αὐτοὺς

97 1760 296 1840 συμμάχους
311 1755 391 1844 πρὸς
410 1760 465 1826 τὸν
485 1757 565 1846 πρὸς
584 1767 717 1846 βασιλέα
733 1763 899 1846 Ῥωμαίων
916 1760 1058 1846 πόλεμον»
1082 1764 1115 1828 οἳ
1132 1755 1189 1826 οὖν

59 1857 281 1944 ιΒἈκαρνιῖσι
323 1855 433 1940 μόνοις
470 1865 675 1943 πολεμοῦντες
709 1857 802 1929 οάδὲν
837 1861 1041 1950 ἠδυνήθησαν
1071 1856 1190 1947 άνάσαι

96 1959 217 2037 πλέον,
257 1957 305 2030 τίς
334 1955 421 2034 ἐλπίς
448 1963 668 2043 περιγενέσθαι
693 1964 755 2026 νῦν.
777 1959 832 2026 καί
856 1964 1011 2044 βασιλέως
1038 1957 1190 2044 παρόντος

95 2051 172 2137 άμα
198 2054 331 2141 στρατιᾷ
338 2104 348 2136 ,
371 2049 406 2130 ὃς
440 2055 592 2144 πρότερόν
615 2083 649 2124 τε
674 2061 730 2124 καί
749 2063 807 2126 νῦν
830 2059 905 2148 ῥᾷον
929 2061 1057 2144 ι’·’ξαρκεϊ
1071 2057 1191 2141 Ἀκαρ-

95 2157 195 2222 νάσιν
214 2145 295 2232 ὁμοῦ
312 2155 367 2218 καί
385 2155 587 2240 Ταραντίνοις
603 2163 766 2240 πολεμείν,Ι
792 2159 831 2222 ori
844 2155 907 2243 μίγν
931 2157 1000 2222 ἀλλ’
1019 2151 1093 2220 οὐδὲ
1116 2153 1191 2238 ὖμῖν

94 2248 191 2326 ε’λπίς
210 2248 417 2335 Ἀκαρνάνων
433 2252 519 2330 τινάς
546 2259 795 2341 συναποστῆναι·
825 2256 881 2321 καί
902 2257 936 2321 oi
955 2253 1015 2343 γάρ
1041 2255 1192 2341 πρότερον

56 2351 237 2436 αοῬιάγιοι
255 2341 466 2439 καίἎρταῖοι
483 2358 743 2441 συναπέστησαν,
763 2360 865 2433 καλῶς
883 2358 957 2442 περί
972 2355 1063 2444 σφῶν
1084 2353 1213 2418 αάτῶνῦ

97 2447 355 2538 βουλευσάμενοι
381 2448 422 2516 τά
442 2453 575 2537 ῥέοντα,
609 2459 738 2538 βασιλεῖ
772 2453 830 2532 τάς
857 2455 961 2532 πόλεις
997 2453 1195 2540 παραδόντες

97 2545 357 2637 προσεχώρησαν
371 2547 426 2614 καί
449 2553 543 2636 σφίσι
557 2576 590 2616 τε
609 2547 718 2628 αὐτοῖς
739 2551 836 2618 αἴτιοι
852 2555 988 2636 ἐγίνοντο
1012 2548 1194 2636 εὐπραγίας.

96 2649 230 2714 πολλῶν
255 2641 314 2732 γάρ
342 2649 494 2731 ἐπέτυχον
518 2651 580 2713 τῶν
598 2653 755 2730 βασιλέως
779 2645 965 2736 εὐεργεσιῶν
979 2647 1034 2713 καί
1050 2659 1116 2724 τοῖς
1136 2671 1195 2711 πο-

96 2745 209 2823 λίταις
237 2751 304 2820 τοῖς
326 2739 438 2811 αὐτῶν.
481 2744 525 2822 ὥς
551 2749 612 2830 μὲν
639 2741 696 2814 οὖν
718 2747 750 2812 εί
775 2750 830 2813 καί
860 2745 970 2834 ἥξουσι
990 2753 1195 2834 Ταραντῖνοι,

96 2949 158 2989 non
177 2934 286 2996 solnm,
314 2931 390 3004 qnod
407 2947 499 2985 rerum
520 2941 549 2987 et
571 2941 676 2987 rectum
692 2939 809 2986 nonest
831 2933 978 2995 deseratis,
1008 2929 1056 2984 aed
1079 2925 1196 2985 etmihi

96 3007 174 3060 benc
203 3003 362 3060 consulenti
385 3003 630 3073 obtemperandum
657 3005 826 3057 existimetis.
863 3003 916 3056 Vos
936 3007 1027 3073 itaque
1046 3004 1123 3056 nulio
1141 3003 1196 3054 im-

96 3077 242 3147 peratoris
260 3081 372 3143 peccato
399 3077 514 3138 offensi,
539 3074 574 3126 ari
593 3075 758 3128 Tarentiuos
784 3073 983 3142 transfugiatis:
1008 3089 1058 3126 nec
1076 3071 1106 3124 iri
1131 3074 1197 3124 sim·

118 3148 217 3200 liciter
238 3152 267 3194 et
293 3143 463 3208 inconsulto,
491 3143 539 3197 sed
557 3147 608 3198 rati
634 3145 744 3198 iliorum
762 3145 860 3216 opibus
883 3145 1030 3196 Acarnania
1051 3145 1197 3214 potituros.

96 3167 163 3271 ilinc
184 3223 282 3268 autem
299 3223 432 3284 quantum
450 3213 485 3266 ab
500 3219 598 3268 effectu
618 3214 714 3268 abest?
749 3215 805 3285 Ipsi
823 3215 896 3267 enirn
911 3231 959 3266 sua
974 3213 1100 3283 privatim
1118 3215 1200 3284 cupi-

98 3289 195 3342 ditate
216 3293 247 3337 et
264 3285 376 3337 avaritia
392 3285 516 3354 impulsi,
542 3287 649 3354 saepius
667 3288 697 3338 iu
715 3285 867 3338 Acarnanas
889 3303 948 3336 eum
967 3301 1064 3354 magno
1082 3285 1200 3356 proiecti

100 3357 255 3419 exercitu,
273 3357 410 3424 regionem
428 3355 541 3426 quidem
558 3356 785 3426 populationibus
804 3363 832 3409 et
850 3355 988 3408 maleficiis
1009 3355 1136 3408 intestam
1146 3357 1201 3408 ha-

98 3429 251 3490 buerunt,
268 3425 363 3477 orbern
381 3435 472 3478 tamen
490 3427 594 3478 nuliam
612 3443 662 3479 nec
680 3429 761 3479 armis
782 3425 960 3496 expugnando
980 3433 1125 3495 ceperunt,
1150 3437 1201 3478 nac

99 3495 266 3553 obsidendo
285 3495 320 3546 ad
340 3495 508 3548 deditionem
526 3504 688 3567 coegerunt,
712 3497 761 3549 sed
778 3498 864 3566 copiis
882 3513 938 3548 uon
956 3511 1050 3564 parum
1069 3495 1201 3548 imminu-

98 3571 154 3634 tis,
177 3574 353 3632 remearunt:
372 3583 469 3636 paucas
487 3583 584 3638 nempe
605 3568 761 3630 Boutitzen‚
789 3565 956 3634 Naupactum
977 3575 1004 3620 at
1022 3566 1202 3619 Bothreutum

100 3639 239 3708 excipio,
256 3637 356 3706 quibus
375 3637 543 3690 Acarnaniae
562 3637 718 3706 principes,
743 3645 775 3688 ut
793 3655 838 3688 cos
857 3637 924 3688 belli
945 3645 1038 3690 contra
1057 3638 1203 3706 imperatod

100 3727 164 3764 rem
185 3707 278 3760 socios
301 3705 451 3768 haberent,
473 3715 618 3758 cesserunt.
656 3707 712 3776 Qui
737 3708 821 3778 igitur
846 3719 907 3758 cum
934 3707 1117 3759 Acarnanibua
1135 3705 1201 3758 soiia

100 3781 184 3834 bello
206 3775 421 3839 contendentes,
439 3775 511 3828 nihii
528 3785 657 3846 egerunt,
675 3791 747 3846 quae
765 3793 826 3846 spes
843 3787 1015 3847 superaturos
1033 3792 1106 3828 nunc
1122 3791 1204 3845 prae·

101 3859 221 3904 sontem
243 3848 434 3915 imperatorem
452 3863 513 3897 cum
534 3847 673 3908 exercitu,
692 3847 739 3918 qui
760 3855 788 3898 et
805 3847 872 3898 alias
891 3849 982 3916 potuit
999 3853 1028 3899 et
1044 3861 1117 3897 nunc
1134 3845 1204 3896 ioci-

103 3923 165 3974 lius
194 3925 290 3987 potest
315 3933 377 3968 curn
400 3917 585 3970 Aaarnanibua
613 3924 642 3969 et
666 3915 824 3970 Tarentinis
849 3919 931 3968 simui
956 3915 1061 3968 bellurn
1090 3913 1205 3984 gerere?

104 3993 146 4046 At
170 4003 267 4055 neque
288 3985 366 4038 vobis
390 4003 498 4056 sperare
524 3987 605 4050 lieet,
632 3987 802 4039 Acarnanum
829 3987 935 4058 aliquos
961 3993 1050 4038 vestro
1079 3985 1205 4053 exemplo

106 4061 281 4113 defecturos.
319 4054 386 4106 Nam
413 4058 461 4128 qui
486 4057 562 4124 prius
587 4055 727 4110 vobiscum
757 4057 914 4110 deiecerant
935 4055 1030 4126 Rhogii
1049 4061 1078 4108 ct
1096 4055 1206 4120 Artaei,

104 4131 196 4186 rebus
230 4127 287 4178 sais
315 4125 401 4196 probe
429 4127 618 4191 consulentes,
641 4127 798 4196 imperatori
822 4145 851 4180 so
876 4125 1041 4178 addixerunt
1066 4125 1207 4196 multaque

103 4199 167 4256 eibi
196 4213 232 4248 ac
256 4197 361 4250 civibus
386 4197 443 4250 suis
459 4196 495 4250 ab
515 4213 549 4254 ao
569 4195 641 4251 done
665 4198 820 4264 consecuti,
846 4197 956 4250 felicem
973 4203 1073 4250 statum
1092 4196 1206 4250 invene⁴

185 4299 409 4358 crumenarum.
975 4297 1009 4367 34
