2986 4862
455 355 739 426 ussronmuuu
768 368 809 429 11.
830 373 882 436 ιο.
1127 345 1208 460 371

126 505 267 590 τειχεσιν
278 499 362 591 sidroc
377 513 577 596 προστιθείς,
597 513 653 579 καί
667 513 810 604 τάφρους
824 541 859 584 τε
879 513 1044 588 καίτάλλα
1059 525 1280 613 direptui-dt.
1290 543 1357 614 ¹³²9

124 629 222 690 μενος
244 601 267 674 ἃ
290 605 399 691 ἔμελλε
415 610 646 699 λυσιτελήσειν,
666 617 697 680 εἰ
709 618 885 704 κατασταίη
904 618 981 708 πρὸς
994 621 1048 688 τὸν
1064 620 1238 708 situnne

124 705 210 790 μετά
223 709 260 772 δέ
276 705 396 785 ταάτας
413 708 471 788 τάς
487 715 642 791 δεκαετοῖς
663 715 702 780 ου’
717 715 829 807 ῥᾳδίαν
847 716 929 806 ὁρῶν
956 719 1136 805 δβασιλείις
1154 725 1211 810 τὴν

125 807 314 892 παράληψιν
338 811 392 894 τῆς
416 809 500 876 Χίου
523 810 577 879 διά
600 811 636 878 τά
661 809 877 902 ῶχυρῶσθαι,
898 813 1000 899 άλλως
1018 847 1052 888 τε
1072 827 1129 888 καί
1141 831 1210 890 Ζα-

102 915 123 978 5
124 906 245 991 χορίου
264 911 432 993 πρεσβείαν
451 913 633 995 πέμψαντος
653 914 709 980 καί
723 919 879 998 βασιλέως
903 921 1050 1003 δεομένου
1071 920 1116 1008 μὴ
1137 925 1213 1010 περί

123 1009 185 1090 τῆς
210 1003 304 1091 νήσου
325 1008 479 1093 ένοχλεῖν,
514 1007 625 1099 ἑτέρας
652 1011 744 1080 ἔθετο
765 1027 942 1095 πενταετεῖς
965 1023 1020 1086 ἐπέ
1038 1029 1104 1099 τοῖς
1128 1023 1209 1099 ἴσοις

123 1108 184 1172 καί
200 1103 336 1191 ὁμοίοις,
356 1107 412 1174 καί
428 1116 498 1192 μετ’
512 1105 613 1190 αῶτάς
628 1109 736 1200 ἑτέρας
753 1115 859 1182 πάλιν.
886 1117 943 1184 καί
958 1119 1210 1209 τετελευτηκότος

123 1205 314 1293 Ζαχαρίου,
341 1213 399 1296 τῆς
417 1233 450 1276 τε
468 1210 551 1278 Χίου
577 1215 634 1278 καί
653 1217 708 1300 τῆς
726 1217 919 1304 πανουργίας
938 1217 969 1283 οἱ
983 1223 1094 1297 παῖδες
1113 1245 1211 1288 κατα-

124 1310 311 1394 λειφθέντες
333 1308 539 1395 κληρονόμοι,
573 1308 652 1380 οὗτοι
674 1315 942 1402 διεπαιδαγῶγσυν
959 1321 1110 1404 βασιλέα,
1137 1323 1211 1408 πρὶν

84 1403 188 1481 sorde
208 1398 304 1483 οῶσας
326 1409 487 1485 ἐξικέσθαι
509 1406 621 1499 ἑτέρας
644 1417 812 1497 τιθέμενοι·
851 1415 907 1481 καί
924 1415 1008 1508 ἔργῳ
1034 1421 1094 1500 μέν
1119 1415 1214 1488 αὐτοὶ
1255 1409 1259 1418 ‚

124 1505 339 1592 καρπούμενοι
360 1507 419 1594 την
440 1511 540 1592 Χίον,
560 1515 640 1601 ψιλῇ
655 1514 691 1579 δέ
706 1514 895 1605 προσηγορίᾳ
911 1521 1039 1599 βασιλεῖ
1054 1522 1242 1604 παρέχον-Ι)

125 1628 181 1684 τες
208 1607 306 1692 αάτῆς
327 1613 425 1699 κυρίῳ
453 1604 543 1676 εἶναι.
592 1615 655 1677 τῶν
680 1614 824 1678 σπονδῶν
848 1617 884 1680 δέ
906 1609 1016 1692 αάτοῑς
1039 1617 1110 1682 τότε
1132 1615 1214 1704 πρὸς

20 1709 23 1713 ’
123 1701 237 1781 ι’ίξοδον.
260 1697 322 1790 ἤδη
351 1706 471 1791 ου’σῶν,
505 1709 691 1787 Καλάθετος
711 1715 775 1777 τῶν
798 1709 886 1799 παρά
910 1717 1006 1791 Χίοις
1026 1717 1169 1782 δυνατῶν
1194 1713 1215 1780 δ

121 1803 268 1884 μάλιστα
292 1807 548 1894 διαφορῶτατος,
568 1811 612 1901 τῷ
630 1810 768 1894 μεγάλου
794 1812 977 1896 δομεστιλισυ
997 1812 1069 1905 οἴκτῳ
1086 1837 1214 1904 προσῳ-

83 1897 296 1985 ι5κειωμένος
313 1906 348 1970 ἐκ
366 1909 489 1972 πολλῶν
506 1909 604 1992 ἐτῶν,
635 1912 783 1998 (πατέρες
799 1937 834 1977 τε
848 1912 908 2001 γάρ
930 1913 1048 1980 ἐκείνου
1071 1923 1139 1990 τοῖς
1157 1938 1216 1997 με-

122 2000 227 2087 γάλου
258 2005 444 2086 δομεστιλιου
474 2007 630 2093 πατράσιν
656 2011 690 2085 ές
717 2008 756 2076 τά
780 2011 921 2094 μάλιστα
943 2004 1025 2098 ἦσαν
1052 2017 1139 2101 φιλοι
1160 2011 1216 2078 καί

123 2101 251 2184 οἰκεῖοι,
271 2101 326 2168 καί
343 2097 440 2182 αῶτάς
458 2101 565 2196 αάτῷ,)
586 2101 678 2187 οὗτος
697 2108 734 2195 δη
739 2109 775 2206 ‘⁰‘
790 2110 976 2190 Καλδθετος
989 2115 1030 2199 τῇ
1041 2113 1099 2178 τοῦ
1113 2110 1214 2196 μεγά-

121 2205 184 2266 λου
202 2205 387 2286 δομεστίκου
409 2205 510 2294 μητρί
523 2205 592 2273 τότε
609 2207 794 2295 προσελθών
809 2211 1029 2302 Διδυμοτείχτρ
1051 2213 1212 2298 ἐνδιατρι-

120 2299 225 2390 βοάση
255 2306 311 2368 καί
336 2303 394 2388 τήν
417 2329 450 2370 τε
471 2307 662 2394 κακουργίαν
684 2313 748 2375 τῶν
770 2311 919 2376 Λατίνων
948 2305 1156 2396 ἀπαγγείλας,
1188 2302 1213 2398 ᾗ

80 2402 290 2487 οσχρῶμενοι
320 2397 536 2490 άπεστέρησάν
559 2431 595 2472 τε
621 2407 807 2490 Ῥωμαίους
835 2413 892 2495 τῆς
919 2413 1002 2476 Χίου
1026 2409 1084 2496 τὴν
1107 2405 1213 2496 ἀρχὴν

123 2499 185 2566 καί
205 2505 262 2568 τῶν
285 2502 340 2568 ἐπὶ
357 2507 505 2570 τοσοῦτον
530 2507 718 2591 κατέχουσιν
738 2511 965 2592 ἐξαπατῶντες,
999 2515 1130 2597 πρᾶγμα
1155 2507 1213 2573 odas

122 2601 419 2691 εὐκαταφρόνητον,
454 2604 525 2669 oo't'
547 2601 613 2672 οἷον
637 2601 755 2694 ῥᾳδίοις
775 2605 846 2673 τινά
866 2603 943 2674 οὖτά
967 2612 1211 2693 καταπροέσθαι·

126 2699 206 2789 (δύο.
226 2699 287 2788 γάρ
308 2701 387 2789 πρὸς
400 2711 469 2780 ταῖς
487 2705 573 2769 δέκα·
579 2703 716 2790 μυριάσι
728 2710 864 2790 χρυσίου
887 2707 1032 2792 ἐτησίους
1050 2712 1136 2773 τελεῖ
1152 2706 1307 2793 pri-emt

124 2805 229 2889 ρους,)
258 2801 316 2889 τήν
339 2827 374 2868 τε
396 2795 522 2869 εῶνοιαν
545 2803 647 2869 αδτοῦ
665 2802 721 2891 τὴν
739 2799 880 2894 ἀρχαίαν
895 2807 950 2872 καί
967 2803 1022 2892 τὴν
1040 2801 1213 2890 συνήθειαν

123 3003 184 3058 aiis
208 3002 367 3070 adornavit,
435 3023 467 3060 ue
485 3009 547 3060 usui
572 3015 679 3072 essent,
704 3009 728 3062 si
753 3007 829 3061 bello
852 3013 1000 3078 peteretur.
1042 3007 1141 3078 Elapso
1160 3005 1214 3090 iroc

124 3074 263 3129 decennio
288 3093 349 3130 cum
374 3079 402 3130 vi
423 3087 482 3132 eret
507 3081 674 3149 imperetur.
703 3077 803 3132 Chium
831 3079 870 3130 sio
895 3079 1029 3132 munitum
1052 3077 1126 3130 haud
1153 3093 1213 3128 stne

122 3151 223 3216 magno
242 3147 337 3202 labore
354 3163 434 3217 posse
452 3149 552 3220 recipi:
583 3158 611 3202 et
628 3152 786 3204 accessisset
801 3157 943 3219 praetereo
959 3149 1059 3219 icgutio
1079 3166 1094 3200 τ
1113 3146 1212 3201 zucha-

123 3215 182 3280 σία,
207 3234 261 3288 qua
283 3219 442 3288 rogabatur,
468 3237 503 3272 ne
526 3221 581 3274 sibi
605 3230 718 3291 propter
740 3221 863 3273 insutum
889 3221 1029 3290 negotium
1053 3218 1214 3281 exhiberet,

123 3289 348 3360 quinquennium
367 3290 417 3342 suh
438 3289 539 3344 iisdem
566 3293 775 3344 conditionibus
802 3290 918 3374 ediscit:
948 3307 1109 3376 rursumque
1138 3287 1216 3340 uliud

126 3359 1216 3503 tittttt'tz„idttttttttt‘ttt¹titttttttfttttttt

125 3501 196 3552 anni
214 3504 337 3554 concessi
355 3503 520 3567 finirentur,
536 3505 604 3556 ulios
622 3505 842 3574 paciscebantur:
858 3511 887 3555 ct
905 3519 966 3555 oum
983 3519 1012 3587 re
1032 3502 1146 3574 quidem
1162 3502 1216 3571 ipsi

125 3571 218 3623 insuia
235 3573 408 3637 fruerentur,
427 3576 485 3627 solo
503 3575 615 3627 nomine
634 3577 825 3646 imperatorem
843 3589 900 3625 esse
921 3573 1060 3626 dommum
1078 3573 1215 3624 sinebant

86 3695 90 3702 .
125 3641 186 3692 lum
202 3643 298 3696 foedus
316 3644 427 3710 exibet,
446 3661 506 3697 cum
526 3643 686 3698 Csiothetus
707 3661 776 3698 unus
794 3645 829 3696 do
847 3643 924 3696 otiis
942 3643 1061 3712 dynastis
1080 3643 1212 3695 mexime-

126 3725 190 3764 sum
210 3730 310 3782 opum,
342 3715 388 3766 cui
413 3733 474 3768 eum
498 3713 579 3769 domo
598 3717 689 3785 magni
718 3715 861 3767 domestici
885 3723 962 3767 vetus
989 3723 1018 3767 et
1039 3729 1141 3766 summe
1158 3717 1217 3762 erut

125 3784 303 3838 necessitudo
331 3785 387 3858 (uvi
411 3787 483 3838 enim
503 3788 561 3838 eius
580 3785 722 3838 domestici
750 3783 898 3838 maioribus
916 3786 1074 3838 amicissiud
1100 3783 1217 3840 coniun-

126 3853 300 3926 ctissimique
318 3857 444 3919 fuerent,
474 3865 506 3908 ut
524 3859 630 3924 etipse
648 3855 809 3927 domestico)
834 3854 881 3906 hic
899 3857 983 3926 igitur
999 3852 1160 3908 Culothctus
1181 3849 1216 3903 ud

126 3931 242 3976 metrum
261 3927 320 3978 cius
337 3944 388 3996 per
405 3925 435 3980 id
452 3935 559 3996 tempus
581 3925 767 3994 Didymotichi
785 3935 940 3978 monentem
958 3925 1036 3987 odiit,
1056 3925 1215 3976 Latinorum

128 3995 158 4047 ei
175 3995 263 4048 secius
283 3996 431 4062 indicavit,
450 4000 499 4068 qui
518 4000 651 4049 Romanos
670 3999 760 4048 insuto
777 3997 958 4064 spoliassent,
975 4011 1055 4066 quum
1072 4011 1122 4064 pec
1139 3995 1215 4046 frau-

127 4064 192 4117 dem
207 4067 314 4121 tamdiu
332 4075 514 4138 occuptrent:
538 4076 567 4120 et
582 4085 639 4120 rem
657 4068 732 4120 huud
750 4067 983 4130 contemnendum,
1001 4081 1092 4136 neque
1112 4073 1219 4147 εευιοιζεΙ

126 4151 145 4189 c
163 4137 290 4189 monibus
311 4137 503 4191 dimittendum
527 4137 635 4202 videri,
661 4155 722 4191 cum
740 4139 769 4190 iu
785 4155 871 4191 anuos
899 4137 1020 4207 singulos
1046 4143 1156 4187 centum
1173 4149 1217 4184 νι-

126 4207 199 4276 ginti
217 4223 363 4262 aureorum
379 4209 466 4262 miiiiu
484 4209 612 4278 pensitet
638 4209 861 4262 Benevolentinm
883 4223 993 4280 quoque
1010 4223 1087 4258 suem
1104 4212 1133 4257 et
1146 4219 1215 4286 cop-

127 4277 300 4334 iunctiooem
318 4278 523 4335 consuetudinis
540 4297 601 4332 cum
625 4281 686 4351 ipsu
703 4281 806 4333 eteius
829 4279 888 4332 otio
915 4279 955 4358 in·
971 4275 1092 4331 medium
1110 4271 1219 4338 sttuht,
