2918 4846
423 308 711 429 essebonum
732 369 772 432 11.
792 374 843 444 37.
1095 315 1190 438 531'

97 537 152 602 ρος
170 514 187 579 δ
208 514 299 598 ύμάι
319 512 470 603 δεσπότης
496 516 713 584 ἀπολαύσεται
736 523 771 586 ix
795 523 851 608 τής
869 523 1072 606 ἀποστασιας.
1093 533 1125 596 α’
1140 533 1318 616 necesse

97 609 160 698 ἀρα
177 617 233 679 καί
253 612 512 701 συγχωρήσαιμεν
539 623 723 708 παρασκευῇ
747 619 873 710 μεγάλῃ
897 627 1110 710 Ταραντίνους
1138 629 1173 692 ἐκ
1234 673 1235 676 =

94 717 150 798 τῆς
182 715 297 789 οἰκείας
326 712 521 800 ὁρμηθέντας
552 717 666 782 ἐνθάδε
693 715 800 802 ήκειν,
824 707 949 806 ’ἄδηλον
971 726 1032 805 μὲν
1066 726 1097 790 εἰ
1119 727 1174 791 καὶ

94 809 176 878 ositos
199 811 385 898 δυνήσονται
411 813 495 898 ήμάς
518 815 726 902 Ἀκαρνανίας
747 819 907 904 ἐξελάσαι,
936 821 969 886 οἳ
987 818 1061 888 nist
1093 821 1171 910 πρὸς

71 911 205 994 ὄμάνους
226 907 433 999 Ἀκαρνᾶνας,
453 913 556 979 καίτοι
572 915 779 998 γε·πσλλάκις
795 919 1058 1006 ἐπιχειρήσαντες,
1080 919 1173 1005 ἴσχυ-

90 1037 150 1078 σαν
180 1015 281 1098 χωρίς
312 1015 425 1098 ζημίας
453 1013 633 1092 ἀπαλλάξαι
660 1021 877 1100 πολεμούντες.
920 1021 950 1085 εἰ
973 1021 1002 1082 δ’
1028 1013 1090 1106 άρα
1117 1021 1198 1088 sniis

88 1113 182 1178 τούτο
207 1114 352 1196 δοίημεν,
372 1109 408 1176 τὸ
438 1111 529 1198 ήμῶν
554 1107 669 1190 αύτούς
700 1115 860 1202 ὀφθέντας
886 1119 1043 1204 κρείττους
1068 1145 1173 1206 παρα-

88 1207 270 1295 στήσασθαι
295 1207 353 1287 τάς
374 1209 494 1296 πόλεις,
514 1213 583 1278 τότε
609 1237 645 1297 γε
668 1211 744 1297 ύμῖν
763 1214 803 1282 τά
829 1217 999 1301 πράγματα
1021 1213 1172 1300 ούδεμιάς

84 1312 209 1392 βέλτιον
224 1311 286 1388 ἕξει
309 1311 513 1406 δυσπραγίας.
555 1312 672 1400 ἀνάγκη
686 1314 745 1401 γάρ
762 1315 848 1397 ύμάς
865 1317 976 1395 αύτοῖς
999 1319 1170 1390 δουλεύειν.

51 1401 210 1495 ιοούγάρ
235 1409 337 1493 δήπου
359 1433 395 1494 γε
420 1411 639 1497 ἀνοηταίνουσι
670 1417 840 1502 τοσούτου,
854 1409 936 1480 ὥστε
964 1409 1005 1481 ού
1024 1416 1173 1493 πολλάκις

85 1505 312 1593 ἐπεθύμησαν,
344 1506 425 1591 μετά
453 1509 527 1588 τούς
553 1509 708 1597 μεγάλους
737 1512 851 1590 πόνους
878 1515 933 1580 καί
957 1513 1121 1592 κινδύνους
1145 1519 1176 1581 εί

85 1610 256 1692 παρέσται,
278 1605 411 1693 ἀνάγκης
427 1609 578 1693 ούδεμιάς
593 1611 754 1698 παρούσης
773 1612 849 1694 ύμῖν
871 1615 1036 1700 προέσθαι.
1078 1610 1173 1678 ύποία

84 1707 121 1770 δὲ
146 1706 168 1792 ή
201 1706 402 1791 Ταραντίνων
430 1713 486 1774 καί
502 1712 564 1775 ταῖν
596 1703 699 1775 ἀλλων
728 1711 879 1778 Λατίνων
904 1713 1047 1794 δουλείοι,
1080 1707 1176 1777 edroi
1274 1732 1282 1740 ·

82 1801 153 1870 iore
177 1805 272 1895 πείρᾳ
292 1807 414 1889 βέλτιον
446 1807 547 1894 ἡμῶν.
588 1804 666 1876 oi'ors
684 1807 746 1875 εἴτε
755 1808 1019 1926 συμμαχήσουσιν
1046 1791 1122 1892 ύμῖν
1142 1807 1268 1888 sivest

45 1911 80 1976 15
87 1909 298 1991 Ταραντίνοι,
319 1905 382 1971 εἴτε
391 1903 457 1991 μή,
478 1905 540 1974 εἴτε
559 1909 740 1996 νικήσουσιν
757 1909 858 1994 ἡμᾶς,
890 1910 952 1976 εἴτε
974 1905 1171 1994 ἡττηθήσον-

79 2029 136 2068 ται
163 1993 268 2084 αύτοδ,
291 1997 384 2070 otidis
399 2003 474 2088 ύμῖν
489 2007 623 2072 ἐλλείπει
646 2011 704 2073 τού
725 2006 769 2092 μή
792 2010 836 2086 είς
863 2007 996 2093 ἔσχατον
1021 2007 1168 2073 κινδύνου

78 2102 273 2190 ἀφικέσθαι.
317 2098 354 2167 ού
373 2101 440 2189 μήν
461 2098 530 2169 ἀλλ’
550 2105 625 2170 ούδὲ
642 2103 726 2192 ήμᾶς
747 2106 1002 2192 ἀλιγαρήσαντας
1029 2103 1083 2172 διά
1113 2103 1196 2183 eisc

74 2198 202 2287 χρόνον
230 2193 466 2287 ἀποστήσεσθαι
485 2207 540 2289 τῆς
563 2207 742 2289 πολιορκίας
770 2203 912 2289 οἴεσθαι,
938 2210 1014 2272 νούν
1039 2207 1174 2289 ἐχόντων

75 2301 170 2366 ἐστίν
192 2297 381 2386 ἀνθρώπων.
423 2301 462 2366 ού
482 2301 542 2389 γάρ
566 2303 604 2388 δή
627 2305 722 2369 αύτοί
738 2303 963 2386 καθεδούμεθα
977 2307 1077 2388 Ιμέχρι
1092 2327 1172 2368 παν-

36 2395 134 2474 οοτδς
154 2395 246 2480 ύμύς
265 2403 506 2486 πολιορκοῦντες.
547 2401 604 2467 νύν
622 2403 682 2484 μὲν
700 2401 761 2490 γάρ
792 2402 944 2488 βασιλεύς
972 2401 1112 2484 οἰόμενος
1140 2405 1174 2482 ἐξ

79 2489 196 2562 αύτοάν
227 2498 438 2580 διδαχθέντας
465 2503 527 2565 τάν
556 2502 768 2588 πραγμάτων,
806 2503 850 2580 ιύς
880 2503 918 2567 ού
949 2505 1174 2567 λυσιτελοῦντα

74 2593 317 2680 ἐβουλεύσασθε
338 2595 415 2678 ύμῖν
436 2598 561 2680 αύτοῖς,
581 2597 787 2682 μεταγνόντες
815 2595 1055 2684 προσχαρήσετε
1077 2597 1172 2684 αύτῷ,

73 2692 182 2772 αύτύς
211 2718 247 2759 τε
273 2691 320 2760 ἔτι
347 2699 507 2782 περιμένει
536 2697 590 2762 καί
617 2699 692 2762 ούδδ
719 2695 778 2774 τάς
806 2699 928 2782 κτήσεις
947 2697 1039 2777 ύμῶν
1060 2693 1117 2770 τάς
1137 2695 1172 2758 ἐν

71 2805 147 2875 ταῖς
170 2787 286 2870 ἀλλαις
305 2793 413 2860 πύλεσι
433 2797 609 2882 παρέσχετο
627 2791 755 2884 ἑτέροις·
776 2789 815 2862 ἀν
836 2797 871 2861 δὲ
892 2789 1016 2879 duodeci
1036 2792 1094 2879 τήν
1112 2815 1172 2878 με-

71 2981 96 3032 si
116 2982 205 3034 etiem
227 2975 451 3043 concederemus,
479 2995 538 3032 curn
559 2977 663 3050 ingenti
689 2985 820 3048 apparatu
839 2978 988 3032 concitetor
1007 2977 1060 3030 huc
1077 2977 1171 3033 venire

70 3053 267 3111 Tarentinos,
285 3049 419 3100 incertum
437 3056 496 3113 est,
521 3067 585 3102 num
608 3057 636 3102 ct
654 3049 692 3101 sic
711 3067 761 3101 nos
779 3048 929 3102 Acarnania
952 3057 1055 3120 queant
1072 3048 1169 3120 depet-

67 3122 148 3174 lere:
173 3121 225 3192 qui
244 3135 295 3171 nec
313 3135 328 3169 s
346 3119 410 3171 solis
433 3119 634 3182 Acarnanibus,
653 3121 773 3189 quamvis
794 3137 839 3172 eos
859 3135 939 3187 saepe
958 3120 1089 3190 aggressi,
1107 3113 1168 3173 sine

68 3193 248 3244 detrimento
266 3196 416 3258 potuerunt
434 3189 581 3246 discedere.
618 3189 700 3260 Quod
718 3191 742 3242 si
761 3197 789 3242 et
805 3189 858 3242 iroc
877 3189 1018 3252 daremus,
1038 3191 1100 3242 iilos
1114 3203 1168 3242 no-

68 3263 116 3316 bis
145 3261 323 3332 potentiores
353 3261 533 3324 existimatos,
560 3259 638 3312 urbes
666 3259 839 3313 subacturos:
874 3259 962 3312 nihilo
992 3257 1081 3311 minus
1109 3268 1168 3312 tum

70 3349 194 3406 quoque
213 3331 310 3382 misero
330 3331 382 3382 erit
395 3340 483 3383 vestre
502 3339 529 3384 et
555 3331 652 3384 infelix
675 3331 805 3383 conditio.
841 3329 998 3383 Necessario
1019 3329 1091 3382 enirn
1111 3331 1167 3398 iiiis

64 3403 215 3458 servietis.
252 3395 313 3452 Non
331 3400 404 3452 eninr
423 3402 544 3471 proiecto
565 3399 633 3454 odeo
651 3402 813 3469 insipientes
832 3411 906 3461 sunt,
925 3399 1048 3470 estquod
1071 3419 1168 3470 seope-

64 3491 194 3527 nnmero
218 3472 377 3540 cupierunt,
406 3473 429 3523 si
450 3471 479 3524 id
497 3479 559 3540 post
577 3489 685 3540 magnos
711 3471 816 3524 iabores
834 3479 862 3523 et
879 3473 1000 3540 pericula
1018 3485 1166 3542 assequen-

66 3553 141 3606 tur,
172 3545 245 3594 citra
270 3541 353 3591 uitem
382 3543 569 3594 necessitatem
594 3543 672 3594 vobis
701 3541 865 3599 condonent.
901 3541 988 3611 Quoie
1020 3551 1112 3594 sutem
1138 3547 1167 3592 et

64 3631 159 3686 quom
181 3612 282 3666 durum
292 3611 502 3664 Tarentinorum
521 3614 693 3684 aliorumque
712 3612 871 3662 Latinorum
889 3612 1033 3680 imperium
1055 3613 1099 3674 sit,
1117 3623 1164 3662 eos

65 3683 254 3752 experientia
272 3682 331 3748 ipse
356 3681 453 3733 melius
473 3699 551 3752 quern
570 3699 618 3734 nos
645 3681 819 3752 cognovistis.
856 3681 991 3752 Quocirca
1009 3683 1065 3732 sive
1083 3679 1166 3730 sdiss-

61 3753 250 3806 vebimini'e
272 3751 448 3814 Tarentinis,
477 3754 533 3806 sire
557 3769 626 3805 non:
651 3753 707 3805 sive
732 3769 787 3824 nos
805 3751 934 3815 vicerint,
962 3754 1018 3803 sive
1043 3769 1058 3801 n
1084 3747 1165 3802 nobis

59 3827 246 3884 vincentur,
276 3819 346 3872 nihil
377 3822 484 3884 oberit,
514 3825 665 3896 quominus*
691 3825 720 3874 in
744 3823 871 3874 extremis
909 3823 985 3872 melis
1010 3821 1166 3880 versemini,

62 3895 124 3948 Sed
148 3907 247 3960 neque
265 3907 314 3942 nos
343 3889 524 3945 diuturnitate
548 3893 714 3946 remissiores
733 3893 818 3944 sectos
836 3891 1008 3944 obsidionem
1029 3885 1165 3943 soluturos

58 3963 207 4017 arbitrari
233 3959 435 4030 prudentisest
451 3961 576 4016 hominis.
613 3963 667 4014 Itos
687 3963 741 4033 ipsi
762 3962 872 4032 quidem
890 3979 946 4014 non
965 3975 1070 4029 semper
1087 3959 1165 4013 vobis

58 4031 272 4087 assidebimus.
307 4029 385 4083 Nunc
409 4032 483 4083 enirn
509 4036 675 4102 imperator,
701 4032 836 4084 erbitrans
853 4034 913 4100 ipso
937 4039 1035 4082 eventu
1054 4025 1165 4094 doctos,

58 4121 157 4177 quern
179 4099 217 4152 de
235 4098 371 4154 vobismet
395 4103 464 4154 msie
481 4105 655 4167 merueritis,
682 4111 786 4156 mntstr
810 4099 951 4155 voiudtete
969 4097 1004 4152 ed
1027 4115 1056 4151 se
1074 4117 1167 4152 occes-

56 4190 168 4234 soros,
198 4173 302 4240 etipse
320 4169 408 4223 edisne
426 4181 579 4242 exspectet,
606 4181 635 4226 et
651 4191 717 4246 quos
735 4173 764 4225 in
782 4173 844 4224 otiis
863 4169 976 4222 urbibus
994 4169 1102 4223 hebetis
1124 4169 1166 4222 ra·

55 4245 214 4306 coluter,
230 4239 351 4296 nondum
371 4243 401 4298 iu
418 4242 487 4297 elios
503 4243 639 4316 dispertit.
675 4243 705 4297 Si
721 4259 768 4298 sos
785 4241 920 4296 calculum
936 4241 1095 4334 reducturos
1114 4239 1166 4294 ds·
