2918 4846
417 337 704 415 ιιιετοιυλιιοιι
725 351 766 414 ιι.
787 355 839 428 ³7.
1094 329 1175 415 533

91 507 229 594 ρημένων
248 505 452 594 προσθέσθαι·
468 500 662 590 δποτέροις.”
707 505 848 570 Τοιαῦτα
882 505 1093 590 διειλεγμένου
1113 509 1321 591 reitesta)

89 604 224 688 μεγόλου
246 603 486 688 δομεστίκου,ό
512 601 703 691 Ῥιτζάρδος
723 603 787 669 τών
806 606 866 686 μέν
888 606 1064 697 Νικηφόριμ
1092 623 1204 690 nvp-B

87 701 252 788 παρόντων
271 697 376 770 ἄλλων
397 703 555 789 ώμυλόγει
576 702 632 770 καί
650 699 745 782 αύτὸς
766 707 924 792 προέχειν
947 707 1014 772 δεῖν
1035 709 1071 772 δέ
1092 705 1173 795 ἔφα-

87 825 140 866 σκε
161 806 216 869 καί
235 804 371 880 iussim
389 802 544 891 περίτών
566 804 739 890 εἰρημένων
760 806 975 889 πυθομένους,
1006 807 1093 894 κοινῇ
1110 809 1174 874 τών

67 907 250 990 ὄπρακτέων
268 902 326 988 τόν
345 907 456 992 ψῆφον
474 907 644 988 ἐξαγαγεῖν.
689 904 890 982 ἐπαινοῦντος
911 906 947 971 δέ
967 903 1022 972 aas*
1040 907 1099 970 soii
1115 931 1173 990 με·

83 1003 180 1090 γάλου
202 1003 400 1086 δομεστόιυυ,
423 1003 625 1090 ἀνεχώρησεν
647 1007 692 1081 είς
713 1000 772 1089 τὴν
793 1001 897 1088 πόλιν,
912 995 1175 1089 ἀπαγγειλάμενος

84 1107 129 1182 είς
148 1103 209 1188 τήν
231 1103 405 1188 ὑστεραίαν
424 1099 510 1188 ἥξειν
531 1103 577 1181 ώς
603 1101 694 1190 λόγον
716 1103 899 1170 ἀποδώσων.
942 1104 1107 1190 ἐκκλησίαν
1139 1107 1177 1171 δέ

83 1202 299 1288 συναθροίσας
313 1202 348 1266 ἐκ
364 1202 426 1266 τών
439 1200 608 1286 συνόντων,
629 1201 813 1287 ἐβουλεύετο
838 1198 908 1286 ἅμα
929 1203 1036 1280 adroic
1056 1205 1087 1268 εἰ
1107 1207 1175 1269 δέοι

82 1307 214 1386 βασιλεῖ
231 1303 316 1388 apic
336 1299 456 1379 αύτούς
476 1300 532 1367 καί
553 1301 611 1387 τὴν
639 1303 731 1368 πόλιν
759 1303 963 1389 ἐγχειρίζειν.
992 1299 1048 1368 καί
1073 1298 1175 1372 ἐδόκει

50 1397 219 1488 ιααόρεεέα
243 1395 325 1466 εἶναι
344 1398 367 1466 ό
389 1395 499 1482 aisse
520 1399 539 1469 δ
559 1406 659 1487 μέγας
679 1404 861 1485 δομέστικος
881 1399 1021 1490 παρῄνει.
1051 1399 1122 1468 tart
1140 1403 1177 1470 δέ

82 1501 256 1584 ἐδέδοκτο,
286 1501 331 1578 είς
359 1497 419 1588 τόν
445 1497 632 1568 έπεούσανδ
662 1501 844 1588 Ῥιτζάρδος
865 1493 962 1576 αύθις
987 1503 1031 1588 τῷ
1048 1498 1203 1590 μεγάλιγρ
1229 1535 1234 1552 ·

86 1599 261 1688 δομεστίκιγ
282 1599 486 1687 προσελθών,
517 1602 715 1689 ἐμαρτύρετο
743 1599 835 1684 θεόν,
865 1597 908 1678 ώς
929 1591 995 1664 οὔτ’
1026 1599 1176 1682 ἀπεχθώς

82 1702 280 1783 διακείμενοι
308 1697 389 1788 πρός
416 1701 567 1785 βασιλέα,
596 1691 669 1766 υύθί
697 1694 821 1779 ἑαυτοῖς
839 1723 910 1766 τινα
933 1698 1069 1782 οἰόμενοι
1090 1698 1177 1785 cipi-

81 1805 173 1864 λειαν
198 1801 235 1866 έκ
263 1799 317 1884 τῆς
347 1798 543 1876 ἀποστασίας
570 1798 791 1887 προξενήσειν,
824 1795 972 1882 εἱλόμεθα
1000 1793 1177 1883 ἀποστῆναι

44 1901 252 1984 ιὸβαιιλέως·
273 1896 410 1981 οἰόμενοι
432 1901 478 1983 δὲ,
500 1891 541 1964 ἀν
557 1898 654 1964 αύτοί
671 1901 789 1984 πρώτοι
811 1899 1010 1981 ἀποστώμεν,
1033 1898 1089 1962 καί
1100 1893 1175 1972 τούς

79 1993 201 2074 ἀλλους
219 1999 412 2084 Ἀκαρνᾶνας
430 1999 628 2082 antoanam
646 1999 722 2084 ἡμῖν
750 2002 806 2065 καί
826 1996 882 2084 την
902 1996 1053 2086 πατρῴαν
1074 1991 1177 2084 ἀρχὴν

78 2095 260 2186 Νικηφύριμ
290 2094 476 2181 ἀποδώσειν,
498 2092 619 2175 ἑκόντες
636 2090 721 2174 ὄντες
737 2097 930 2184 είσήχθημεν
951 2099 996 2171 είς
1015 2093 1090 2172 τούς
1110 2118 1177 2160 κιν-

76 2199 217 2278 δύνους,
244 2187 385 2262 εύκλειάν
421 2221 457 2262 τε
477 2192 603 2274 ἑαυτοῖς
623 2196 680 2264 καί
697 2193 854 2285 ἀφέλειαν
880 2197 926 2284 τῷ
954 2195 1095 2285 ἡμετέρῳ
1123 2197 1175 2260 δε-

77 2295 187 2386 σπότῃ
210 2292 348 2378 οἰόμενοι
368 2293 580 2384 προξενήσειν.
623 2299 688 2362 τών
707 2293 897 2383 πραγμάτων
921 2297 956 2361 δὲ
977 2295 1175 2382 ἀντεστραμ-

38 2401 207 2481 αομένών,
237 2389 338 2481 ἀπέβη
358 2395 510 2461 τάναντία
528 2389 550 2482 ἢ
568 2389 660 2460 αάτυί
678 2398 924 2484 προσεδοκῶμεν.
965 2397 1023 2461 νύν
1043 2388 1100 2460 ούν
1120 2395 1177 2460 καί

77 2498 161 2585 ἡμῖν
184 2492 286 2560 πολλοὶ
308 2497 382 2580 περὶ
400 2497 464 2561 τών
481 2493 646 2581 παρόντων
673 2497 933 2578 διασκειμαμένυις
960 2495 1175 2559 λυσιτελέστε-

77 2623 137 2684 ρον
159 2595 258 2661 oridia
280 2595 314 2659 έν
332 2596 377 2682 τῷ
400 2592 532 2679 παρόντι
553 2585 624 2657 ούθ)
644 2593 722 2677 ἧμλλ
762 2587 832 2661 ούτε
872 2589 1043 2680 Νικηφόρηι
1087 2584 1212 2676 aidan

77 2690 342 2780 συνεβούλευσας
363 2687 473 2774 odric,
494 2691 626 2778 εύρέθη.
668 2685 705 2757 ού
726 2689 764 2777 δὴ
786 2694 876 2756 ἕνεκα
897 2695 983 2777 σφᾶς
1003 2715 1037 2754 τε
1058 2687 1176 2768 αύτούς

77 2799 138 2860 καί
158 2791 222 2877 την
242 2787 331 2858 πόλιν
353 2790 406 2855 διό
428 2793 488 2856 σού
517 2791 757 2878 παραδιδούμεν
782 2793 922 2873 βασιλεῖ·
952 2786 1046 2865 αάτός
1076 2790 1105 2852 δ’
1135 2783 1176 2854 ἀν

37 2895 206 2979 αόείδείης
234 2885 294 2980 ότιρ
323 2889 427 2980 τρόπῳ
454 2893 602 2974 βέλτιστοι
625 2889 701 2976 ἡμῖν
721 2887 761 2954 τό
782 2888 955 2978 πράγματα
976 2885 1177 2977 παρασκευά-

156 3063 203 3101 ιι.
223 3044 272 3096 Pro
291 3034 377 3101 αὖθις
394 3041 537 3110 legebatur
554 3039 662 3101 αδτολς.

78 3167 273 3228 domesticus,
292 3164 440 3218 Richardns
461 3167 534 3218 inter
552 3165 698 3218 familiares
715 3163 864 3233 Nicephosi
888 3165 989 3234 primas
1010 3170 1105 3216 tenere
1128 3179 1177 3228 se,

76 3247 142 3314 ipse
174 3252 290 3309 quoque
311 3253 366 3287 non
392 3236 527 3306 negabat:
560 3245 651 3288 tamen
675 3235 710 3288 nd
732 3237 794 3288 ilios
821 3251 932 3306 qnoque
959 3233 1130 3286 referendum
1148 3243 1178 3288 et

76 3307 289 3370 communiter,
305 3305 373 3377 quid
391 3309 434 3376 agi
451 3307 623 3370 conveniret,
641 3305 850 3360 decernendum.
885 3305 1062 3376 Approbante
1078 3323 1176 3378 magno

76 3380 257 3438 domestico,
284 3376 329 3428 die
355 3381 481 3447 sequenti
499 3378 650 3431 rediturum
668 3387 880 3498 responsumque
898 3379 1046 3428 relaturum
1063 3377 1177 3446 pollici·

76 3465 148 3516 tus,
180 3450 214 3502 in
232 3447 375 3500 urbenrso
398 3451 509 3518 recepit.
546 3448 645 3500 Coacto
661 3465 676 3499 e
695 3449 832 3518 praesenti
855 3465 885 3498 us
910 3456 1064 3510 conventu,
1091 3463 1177 3518 quae-

77 3533 167 3586 runt,
203 3517 304 3588 ecquid
331 3534 359 3568 se
377 3525 406 3570 et
424 3518 554 3588 oppidum
576 3518 700 3570 tradant:
726 3517 873 3586 magnique
897 3516 1040 3570 domestici
1064 3517 1176 3568 monitis

75 3590 271 3664 obsequelam
287 3587 439 3640 faciendsrn
457 3607 589 3641 consensu
608 3590 723 3640 firmant.
750 3585 882 3639 Postridie
901 3587 1008 3640 rediens
1028 3587 1175 3639 Richardus

74 3667 179 3718 Densn
207 3666 336 3722 testatur,
361 3660 435 3727 ipsos
453 3675 544 3730 neque
562 3659 626 3712 odio
649 3659 836 3728 imperatoris,
863 3673 954 3728 neque
979 3660 1021 3710 sui
1067 3664 1175 3707 uacstus

76 3751 169 3788 causa
192 3731 253 3782 eius
279 3729 386 3782 fraenos
409 3731 571 3782 excussisse:
602 3728 650 3780 sed
675 3729 835 3796 opinantes,
863 3728 886 3780 si
910 3729 991 3798 primi
1016 3675 1181 3790 deicerent,

73 3807 216 3875 reliquos
244 3799 395 3852 Acarnanas
422 3809 562 3852 secuturos
580 3808 609 3852 et
625 3797 678 3851 hoc
702 3799 783 3851 naodo
802 3807 942 3870 paternum
965 3813 1077 3868 regnam
1096 3797 1181 3848 Nice-

74 3877 178 3948 phoro
208 3871 364 3922 restitutum
390 3871 442 3931 iri,
475 3871 547 3922 uitro
571 3887 600 3923 se
633 3870 755 3938 periculo
780 3869 944 3932 involvisse,
971 3877 1003 3920 nt
1025 3864 1181 3934 Nicephoro

75 3946 200 4000 auxilio
227 3947 318 3992 essent
344 3947 373 3990 et
389 3940 443 3991 sibi
461 3939 544 3992 decus
571 3949 765 4009 compararent.
802 3941 891 3994 iicbus
910 3947 1002 3990 autern
1022 3945 1094 3988 retro
1113 3935 1182 3988 sub-

74 4018 194 4088 lapsis,
220 4017 313 4062 contre
337 4011 569 4079 exspectationem
587 4013 716 4064 evenisse.
752 4009 831 4063 Nunc
847 4013 915 4080 ipsis
953 4023 1044 4078 unque
1061 4005 1182 4074 diiigen-

75 4098 126 4140 ter
148 4091 354 4137 scatunsuurn
374 4082 582 4152 contemplatis,
614 4080 686 4132 nihii
704 4081 733 4134 in
759 4097 887 4151 praesens
905 4029 951 4132 vei
966 4077 1021 4130 sibi
1039 4077 1083 4130 sei
1099 4077 1183 4128 Nice-

74 4157 181 4229 phoro
203 4159 338 4220 repertam
357 4150 469 4212 utilius,
489 4169 568 4222 qnosn
583 4151 658 4222 quod
675 4151 734 4221 ipse
750 4153 887 4210 suasisset.
923 4149 1097 4218 Quapropter
1111 4155 1182 4200 etse

75 4239 110 4282 et
130 4224 239 4280 urbem
257 4237 302 4276 eos
314 4239 363 4294 per
379 4237 476 4276 manus
490 4225 547 4274 eius
565 4224 721 4293 imperatori
737 4221 861 4276 tradere:
890 4235 969 4274 nosse
991 4219 1094 4292 ipsum,
1115 4215 1182 4292 quid
1261 4277 1263 4284 y
