2946 4872
376 1094 1001 1248 PRAEMotttTUM.

139 1775 267 1882 Hanc
299 1835 438 1890 novam
463 1814 618 1894 Ioannis
637 1817 888 1896 Cantacuneni
913 1815 1137 1911 editionem,
1162 1841 1228 1894 ou·

142 1931 203 2006 ino
232 1958 343 2008 nunc
378 1937 551 2040 primum
585 1943 766 2022 volumen
796 1942 945 2050 prodit,
977 1945 1127 2047 reliqua
1149 1938 1229 2020 duo

141 2074 356 2156 sequentur
379 2062 566 2162 proxime,
599 2063 827 2172 descriptam
850 2067 1072 2144 exhibemus
1095 2063 1146 2142 ad
1168 2090 1230 2139 ex·

143 2179 320 2281 emplum
345 2180 747 2281 editionisParisinae,
772 2179 1118 2288 quaeann016l5.
1141 2182 1231 2258 voll.

144 2305 179 2374 3.
207 2300 273 2376 fot
301 2304 403 2408 typis
425 2305 537 2406 regiis
561 2307 741 2412 impressa
765 2327 831 2386 est.
886 2310 1031 2390 Graeco
1060 2304 1234 2412 primum

145 2448 190 2498 ea
215 2424 334 2502 editio
358 2427 549 2530 vulgavit,
576 2456 698 2533 eaque
722 2459 768 2507 ex
791 2461 872 2525 ono
896 2432 1026 2510 codice
1048 2427 1232 2518 Parisino,

141 2548 205 2622 uti
228 2547 324 2624 haec
337 2551 469 2644 verba,
490 2552 533 2627 in
552 2553 666 2632 titulo
687 2555 828 2661 posita,
854 2573 1059 2636 testantun
1085 2553 1235 2630 Graeca

140 2694 243 2766 nanc
262 2674 425 2767 primum
445 2672 633 2773 prodeunt
657 2700 710 2750 ex
735 2676 863 2760 codice
884 2677 964 2752 MS.
981 2677 1235 2752 Bibliothecae

151 2789 247 2862 Viri
271 2793 519 2870 lllattrissimi
536 2797 644 2872 Petri
667 2796 853 2899 Seguiert'i
876 2801 1061 2876 Franciac
1086 2797 1237 2874 Catacel-

140 2913 244 2986 larii.
278 2915 320 2990 Ε.
335 2917 489 3020 regione
512 2938 635 2996 textus
659 2923 806 3024 graeci,
830 2924 938 3000 sectis
956 2922 1122 3028 paginis,
1154 2942 1236 2992 ver-

141 3035 291 3110 sionem
321 3039 484 3114 latinam
509 3037 644 3124 habet,
679 3069 799 3142 quam
822 3043 983 3120 Iacobus
1014 3047 1230 3130 Pontanoa,

141 3159 275 3236 codice
306 3161 487 3238 Bavarico
518 3187 628 3253 usuc,
662 3159 814 3238 dudum
845 3177 936 3236 ante
960 3157 1083 3235 edidit
1107 3163 1235 3264 Ingol·

141 3284 257 3360 stadii
282 3313 385 3362 anno
416 3290 534 3377 1605„
561 3283 877 3362 annotationibus
894 3283 1074 3362 cumanis
1098 3301 1185 3362 tum
1205 3287 1237 3360 1.

142 3409 314 3486 Gretseri
346 3428 511 3486 auctam.
560 3407 659 3514 Quia
691 3405 902 3484 editionem
934 3406 1146 3484 Parisinam
1170 3431 1236 3482 cu-
1319 3411 1323 3420 '

143 3531 300 3622 raverit,
327 3559 454 3635 neque
487 3531 624 3608 titulus
648 3557 775 3634 neque
799 3529 988 3637 praefatio
1023 3528 1162 3624 tradit3
1195 3545 1237 3604 at

142 3653 343 3732 hominem
371 3684 462 3732 eum
495 3657 610 3734 luisse
635 3657 834 3732 eruditum
869 3679 1078 3760 graecaque
1102 3652 1240 3729 doctis-

143 3779 307 3868 simum,
333 3781 601 3858 annotationes
626 3779 791 3885 margini
817 3777 1031 3883 adscriptae
1057 3776 1238 3882 probant,

145 3899 288 3994 quihus
315 3921 398 3978 tum
423 3905 524 3980 locos
549 3904 710 3980 nonita
733 3901 863 3979 faciles
881 3903 1085 3980 intellectu
1107 3925 1153 3974 ex
1178 3900 1238 3976 in-

145 4025 289 4102 teriore
321 4053 455 4102 retiam
486 4027 706 4130 cognitione
736 4027 935 4132 explanat,
979 4043 1062 4102 tum
1098 4018 1239 4098 codicia

147 4149 208 4226 tui
254 4150 486 4256 corruptelis
528 4149 780 4229 felicissimam
810 4151 1041 4256 plerumque
1084 4141 1240 4234 medici·
