2918 4846
459 319 745 403 ursuoulluuu
772 341 813 402 ιι.
837 343 887 413 ar,
1119 309 1202 398 505

120 491 235 582 ἧδονὴν
263 499 329 573 τοῖς
354 483 447 578 ἤθεσι
465 493 519 558 καί
537 488 648 572 νόμοις
668 485 859 574 Ἑλληνικοῖς
886 491 1125 588 όντιθραμμίνη
1149 493 1270 560 natac.
1282 499 1370 574 rite,

120 599 305 675 βασιλικοῖς·
345 593 390 681 τῷ
415 593 506 678 κοινῷ
533 591 568 654 δὲ
582 583 766 672 ·“Ρωμαεἰαν
791 587 845 657 τόν
867 589 966 674 γόμον
993 590 1131 672 οἰόμενος
1148 592 1204 678 τῆς

118 690 282 776 θυγατρός
300 696 490 771 λυσιτελεῖν,
517 685 672 772 aindoma
693 688 843 772 ποιήσειν.
886 687 915 752 οἱ
936 689 997 770 μὲν
1022 679 1078 754 οὖν
1102 681 1201 752 Ἀλε-
1274 677 1277 683 ’

122 789 258 872 ξόνδρου
281 793 337 856 τοῦ
356 793 512 872 βασιλέως
534 791 681 874 πρέσβεις
702 786 780 872 πρός
810 787 875 873 τὴν
901 784 1016 851 οἰκείαν
1047 787 1229 870 ε’πανῆκσνο

98 886 299 973 ὄχαιροντες,
326 884 376 952 ότι
397 887 531 970 βασιλέα
554 895 660 952 πεῖσαι
679 885 882 972 ἠδυνήθησαν
901 883 977 969 περί
997 887 1054 950 τοῦ
1077 881 1202 968 κη’δους.

120 983 220 1062 αότός
238 989 272 1052 δὲ
295 984 445 1070 βασιλεός
460 988 495 1052 ἐκ
511 990 566 1069 τῆς
592 983 769 1072 Ἀδριανοῦ
783 983 861 1072 πρός
877 982 912 1052 τό
925 981 1099 1064 Βυζάντιον
1115 973 1200 1068 ἧκεν,

119 1081 165 1161 οἷς
178 1088 235 1170 τῆς
249 1082 408 1170 θυγατρός
421 1084 663 1170 ἐξαρπασόμενος
675 1082 750 1161 τοός
764 1086 894 1169 γάμους.

201 1183 247 1250 λδ
249 1230 258 1250 .
290 1175 399 1261 ”Ossae
420 1185 454 1248 δὲ
474 1176 535 1269 ἤδη
556 1187 630 1270 περὶ
649 1181 780 1266 ἐκβολὰς
799 1187 857 1250 τοῦ
875 1187 1007 1271 θέρους,
1035 1185 1195 1269 ἠγγέλλετο
1203 1183 1266 1240 bc·
1281 1187 1345 1261 ¹³³7

116 1287 154 1350 ἐκ
172 1283 334 1370 Τριγλειλις
352 1285 408 1367 τῆς
427 1280 506 1367 πρός
521 1283 750 1368 Ἑλλήσποντον,
770 1279 813 1360 τός
834 1280 966 1368 στρατιὰ
987 1283 1124 1369 Περσιόν
1145 1288 1298 1361 sse-Vale

82 1381 162 1466 ιοζὴ
184 1382 220 1445 ἐκ
240 1383 304 1474 τεόν
331 1381 411 1446 κατὰ
434 1379 492 1466 την
512 1383 554 1447 ἓν)
575 1382 694 1447 πόλεων
715 1383 859 1464 λογάδες,
893 1373 939 1447 σόν
962 1375 1115 1467 Ὀργόνης
1136 1379 1232 1448 loric

119 1477 303 1566 σατράπης,
337 1481 370 1557 ἓξ
398 1483 455 1550 καί
474 1480 642 1566 τριάκοντα
662 1477 759 1545 ναυσί
777 1477 855 1566 πρός
873 1475 912 1546 τό
931 1481 1005 1566 περί
1023 1479 1204 1558 Βυζάντιον

114 1579 221 1664 χωρία
242 1581 306 1643 εἰσί
336 1582 626 1664 παρεσκευασμένοι
651 1581 862 1665 περαιοῦσθαι
889 1575 910 1665 ἢ
936 1575 1033 1665 ταύτῃ
1060 1581 1135 1644 καθ’
1164 1575 1203 1664 ἣν

118 1677 284 1761 ἠγγέλλετο
305 1675 360 1762 την
380 1676 476 1743 νόκτα
504 1672 526 1760 ἢ
546 1679 579 1753 ἐς
598 1676 656 1762 τὴν
675 1677 856 1764 ὗστεραίαν.
876 1672 958 1744 εἶναι
980 1679 1014 1742 δὲ
1036 1670 1121 1742 odeas
1142 1701 1203 1742 πα-

114 1777 385 1860 ρεσκευασμένους
414 1775 459 1852 οἷς
486 1770 522 1841 οό
555 1777 676 1860 ταχέως
703 1775 910 1860 ἐπανήξοντος
938 1769 1012 1840 οόδὲ
1038 1774 1200 1862 λαθραίαν

77 1875 174 1960 ιότην
192 1869 337 1959 ἇρπαγην
359 1876 601 1960 ποιησομένους,
633 1876 702 1939 ἀλλ’
718 1875 866 1960 οἷναίδην
892 1873 948 1940 καί
976 1875 1057 1956 μετὰ
1084 1877 1234 1940 notarit)

113 1974 172 2038 τοῦ
202 1969 364 2058 περιόντος
393 1970 520 2040 ἅπαντα
547 1977 770 2061 ληϊσομένοος.
812 1973 1118 2062 παρασκευάσασθαι
1138 1978 1199 2058 μὲν

114 2065 173 2141 σόν
193 2066 381 2160 irratione
402 2072 538 2156 δύναμιν
558 2072 637 2159 πρός
666 2071 722 2160 τὴν
742 2073 908 2161 Περσικήν
937 2074 992 2140 οὐκ
1013 2076 1106 2160 ε’νῆν,
1140 2073 1199 2140 oia

113 2171 290 2248 ἐνδιδόντας
319 2175 378 2238 τοῦ
394 2172 513 2262 χρόνου
544 2172 598 2238 διό
619 2173 676 2259 την
697 2181 827 2256 ταχείαν
847 2176 911 2240 ταῖν
931 2176 1101 2261 βαρβάρων
1121 2171 1198 2261 ἔφα-

115 2273 187 2338 δσν·
230 2266 313 2352 όμας
336 2273 370 2337 δὲ
391 2269 450 2357 τὴν
470 2270 541 2338 τότε
561 2276 806 2359 παρατυχοόσαν
827 2273 861 2340 ἐν
881 2275 1049 2362 Βυζαντίῳ
1071 2296 1198 2358 στρατι-

68 2367 156 2438 aeota
183 2369 398 2456 εὐαρίθμητον
428 2396 499 2438 τινα
527 2361 624 2438 οὖσαν
652 2368 708 2440 τόν
735 2375 835 2458 μέγαν
856 2373 1036 2454 δομέοτικον
1055 2373 1196 2438 ἐκέλευεν

112 2467 132 2534 ὅ
160 2467 310 2550 βασιλεῦς
337 2469 578 2558 παραλαβόντα,
613 2469 691 2558 πρὸς
719 2471 759 2536 τὰ
789 2470 863 2558 περί
879 2469 1057 2547 Βυζάντιον
1076 2476 1195 2556 χωρεῖν

109 2567 253 2654 παράλια
271 2568 386 2654 χωρίον,
404 2569 460 2654 τὴν
481 2567 594 2656 ἔφοδον
613 2574 676 2636 τῶν
695 2569 867 2654 βαρβάρων
887 2572 1104 2654 περιμένοντα.
1135 2561 1195 2632 αό-

109 2666 165 2744 τός
185 2669 221 2734 δὲ
241 2663 283 2744 οός
303 2663 372 2750 ἅμα
401 2671 437 2734 ἐκ
456 2670 621 2754 θαλάσσης
643 2666 868 2753 ἐπιθησόμενος
878 2717 889 2747 ,
916 2663 1075 2753 ἐφιόπλιζε
1103 2663 1194 2751 τριή-

107 2789 192 2856 ρεις.
235 2765 252 2832 ό
272 2769 371 2851 μέγας
389 2767 449 2848 μὲν
470 2759 526 2832 σόν
546 2769 726 2848 δομίστικος
745 2766 822 2852 πρός
840 2789 902 2832 τινι
921 2764 1028 2852 χωρίῳ
1051 2759 1193 2830 Ἐννακό-

67 2870 167 2934 storo
198 2866 497 2956 προσαγορευομένῳ
525 2867 735 2954 δγκαθιδρυσε
754 2865 813 2952 την
830 2863 998 2952 πρασιάν·
1039 2857 1193 2927 κατασκό-

183 3041 205 3080 r.
241 3023 453 3096 ἱντεθραμμένη
472 3040 538 3076 corr.
556 3023 613 3080 ΕΙ).
631 3023 660 3078 P.
678 3040 728 3094 pro
749 3021 1000 3094 δντεθραμμένοις.

108 3161 231 3214 moribus
255 3178 286 3214 ac
312 3161 417 3228 legibus
442 3161 551 3214 Graecis
587 3167 616 3214 et
648 3159 830 3231 imperatoriis
862 3157 1010 3220 educatae,
1038 3157 1191 3211 convictum

106 3231 287 3284 barbarorum
305 3231 496 3284 delectabilem
515 3250 570 3284 non
590 3231 719 3284 futurum.
739 3231 842 3283 Tamen
860 3247 904 3282 eas
922 3229 1032 3298 nuptias
1052 3231 1190 3282 Romanae

106 3302 276 3372 reipublicae
295 3303 506 3356 commodaturus
523 3301 683 3366 arbitratus,
700 3301 831 3371 virginem
850 3317 925 3352 suam
942 3299 1096 3370 despondit
1134 3299 1190 3352 Le·

106 3374 182 3441 gati,
198 3371 284 3443 'quod
302 3373 459 3443 imperatori
486 3371 622 3425 affinitatis
651 3373 872 3424 coniunctionem
899 3370 1062 3441 persuadere
1080 3370 1189 3440 potuis-

105 3451 177 3506 sent,
195 3443 261 3496 laeti
280 3441 425 3495 recedunt:
451 3445 510 3512 ipse
528 3441 684 3510 Byzantium
701 3443 810 3511 nuptias
830 3439 1008 3493 adornaturus
1027 3441 1118 3494 rediit.

178 3513 219 3582 34.
256 3513 401 3583 Praecipiti
419 3515 472 3564 iam
496 3521 598 3566 aestate
622 3529 637 3564 a
656 3511 760 3582 Triglia
778 3513 854 3564 iaxta
871 3511 1077 3581 Hellespontum
1095 3509 1189 3580 perle-

105 3592 204 3636 rantur
224 3585 331 3647 nuntii,
350 3583 455 3652 pedites
474 3583 563 3635 Persas
582 3599 615 3635 ex
635 3584 748 3635 orientis
766 3581 880 3638 urbibus
899 3579 1037 3645 delectos,
1061 3579 1187 3635 Orcbane

105 3653 193 3718 duce,
215 3669 261 3706 sex
279 3663 307 3705 ct
325 3655 436 3722 triginta
454 3653 566 3706 navibus
585 3651 620 3705 ad
638 3652 697 3705 loca
718 3653 846 3720 Byzantio
870 3651 961 3705 vicina
987 3660 1035 3704 aut
1062 3668 1093 3702 ca
1111 3651 1187 3720 ipss,

104 3732 154 3777 aut
171 3731 245 3778 certe
263 3733 370 3794 postera
388 3731 468 3776 nocte
486 3723 611 3776 traiicere
633 3731 739 3791 paratos
759 3740 824 3776 esse.
861 3721 906 3774 Sic
924 3731 1013 3774 autem
1031 3723 1189 3786 instructos,

105 3803 138 3846 ut
157 3813 213 3846 non
231 3810 294 3848 moa
311 3797 459 3856 reversuri,
484 3809 574 3863 neque
592 3793 686 3844 furtim
704 3792 739 3844 ssl
757 3793 864 3862 rapinas
885 3791 1050 3855 incubituri3
1068 3789 1115 3842 scd
1135 3791 1189 3842 im-

103 3863 242 3933 pudenter
279 3871 308 3916 et
342 3879 421 3916 avare
444 3864 525 3915 nimis
552 3863 643 3914 omnia
662 3863 797 3932 direpturi
823 3863 976 3916 rideantur.
1014 3859 1087 3930 Quia
1105 3861 1190 3932 igitur

104 3935 249 3988 festinatus
269 3933 445 3986 barbarorum
473 3934 605 3986 adventus
624 3941 651 3984 et
669 3935 799 4002 temporis
818 3935 958 4004 ongrrstiac
980 3931 1122 4002 aequalem
1141 3947 1189 3982 ex-

104 4007 221 4058 ercitum
239 4005 365 4074 colligere
384 4021 439 4056 non
457 4003 597 4066 sinebant,
615 4001 704 4056 nibilo
725 4006 816 4056 minus
835 4005 883 4076 qui
903 4011 969 4054 tunc
986 4009 1045 4054 erat
1063 4001 1189 4068 Byzantii

105 4077 228 4144 exignus,
248 4091 309 4126 eum
329 4073 468 4126 mandavit
479 4089 575 4144 magno
591 4072 741 4128 domestico
753 4082 785 4126 ut
799 4075 937 4144 acciperet
954 4079 981 4124 et
1003 4069 1036 4122 ad
1055 4072 1189 4124 maritima

105 4145 183 4198 urbis
201 4146 259 4196 loca
278 4143 446 4200 venientium
464 4146 594 4212 impeturn
614 4145 765 4214 exciperet:
785 4145 843 4213 ipsc
862 4141 942 4196 simul
961 4158 975 4192 ο
993 4143 1060 4192 mari
1079 4143 1191 4194 invasu·

106 4233 168 4281 ras,
186 4217 309 4270 triremes
327 4214 452 4269 armabat
474 4213 569 4286 ltaque
587 4213 765 4279 domesticus,
783 4213 843 4268 loco
862 4213 905 4266 cui
922 4227 1020 4266 nomen
1038 4211 1188 4266 Eanaoosis
