2986 4862
276 237 360 350 39²
506 247 509 258 '
668 259 951 329 camacum!

130 426 192 482 tc.
206 427 273 495 1329
281 416 390 506 πόρρω
408 413 608 503 προσδοκίας,
629 409 746 502 ι’ίδηλον
767 415 798 480 ss’
814 411 860 499 μὴ
880 413 925 490 εἷς
945 414 1113 498 πράγματα
1132 411 1211 494 δμῖν
1231 409 1287 478 καί
1297 437 1356 478 τα-

183 515 380 605 Ὓ·Ι93ραχοὶς
402 514 500 603 ἦέμὴ
520 515 647 602 τελευτὴ
665 513 817 600 χωρήσει.
857 509 907 577 διδ
929 510 984 576 καί
1006 514 1072 578 δεῖν
1096 510 1223 595 οἴομαι,
1250 511 1356 578 αδτῶν

276 619 348 683 νυνί
363 615 475 704 σαφῶς
499 613 540 681 τοὶ
557 616 667 680 δλίοντα
684 616 749 679 τῶν
775 609 964 699 πραγμάτων
983 611 1203 694 διδασκόντων,
1222 608 1281 698 την
1294 611 1354 692 μὲν

275 707 405 799 δι’καιρον
430 716 620 802 φιλονεικίαν
640 713 696 779 καὶ
714 710 769 799 τὴν
794 712 833 776 οδ
853 712 1069 796 προσήκουσαν
1090 707 1239 776 ἔνστασιν
1256 732 1356 778 κατα·
1467 787 1468 796 η

659 817 838 902 σφθαλμοῖς
853 807 923 878 ὅσοι
943 809 1071 898 πάρεισι
1086 811 1259 892 Ῥωμαίων
1274 809 1375 876 ὕπο-5
1467 797 1468 804 ¹

271 910 397 998 δημαοί
417 937 452 978 τε
475 917 648 997 βασιλικοῖς
675 914 730 978 καί
755 913 835 1000 πιλιρ
854 913 896 998 τῷ
924 911 1008 1000 ἐμῷ,
1041 906 1064 974 ἃ
1086 912 1175 976 δοκεῖ
1192 907 1357 994 βασιλείας

271 1011 418 1095 σύμβολα
440 1005 539 1094 εἶναι,
575 1012 775 1097 κοσμηθῆναι
804 1012 854 1076 ἐπ’
879 1011 970 1092 ἐμοῦ.
1021 1003 1080 1074 κῶν
1100 1013 1160 1092 μὲν
1185 1009 1239 1074 καί
1259 1005 1358 1082 αὐτὸς

270 1111 482 1196 περιγένωμαι
499 1113 556 1197 τῆς
580 1108 687 1192 νόσου,
709 1106 817 1176 καινὸν
831 1109 924 1176 οὐδὲν
944 1102 984 1175 ῶν
1007 1106 1056 1194 εἴη
1077 1109 1292 1195 εἰργασμένον.
1333 1103 1358 1170 d

242 1207 331 1296 Byoip
356 1205 539 1296 προύθέμην
561 1212 595 1289 ἔξ
614 1211 717 1297 α’ρχῆς
741 1209 797 1275 κατ’
820 1209 874 1275 διὰ
901 1209 1040 1294 σπουδῆς
1071 1204 1158 1292 εἶχον
1185 1210 1291 1274 tiores
1312 1205 1357 1280 είς

271 1311 381 1394 πέρας,
408 1311 510 1376 ταῦτα
525 1309 615 1376 ἔσται
638 1313 838 1396 εἰργασμένα·
866 1309 898 1375 εἰ
912 1311 942 1374 δ’
959 1311 992 1388 ἐξ
1009 1309 1187 1398 ἀνθρώπων
1203 1310 1395 1393 γένωμαι,ιο

271 1404 331 1490 τὴν
349 1405 518 1493 ἡγεμονίαν
538 1409 643 1475 πᾶσαν
666 1411 882 1488 ἀναδέξασθαι
904 1408 1069 1492 Ῥωμαίων
1089 1411 1145 1491 σὲ,
1165 1411 1221 1473 καί
1236 1402 1282 1490 μὴ
1303 1402 1358 1468 διὰ

272 1503 331 1589 νην
349 1507 504 1594 δναρχίαν
519 1509 564 1586 εἷς
588 1508 714 1585 στάσεις
733 1508 789 1574 καί
803 1509 961 1591 πολέμους
973 1511 1130 1593 χωρῆσαι,
1157 1508 1191 1584 ἐξ
1216 1497 1262 1572 ῶν
1285 1505 1358 1570 δια·
1468 1549 1469 1574 ι

273 1607 525 1692 φθαρήσονται.”
563 1606 721 1684 Βασιλεὺς
747 1611 807 1690 μὲν
831 1599 889 1674 οὖν
915 1610 1047 1674 τοιαῦτα
1071 1603 1281 1692 συνεβούλευε
1304 1605 1360 1668 καί
1468 1595 1469 1620 ί

200 1697 202 1704 “
275 1711 473 1792 προσετίθει,
494 1707 549 1791 ῶς,
569 1707 663 1793 εἰμὴ
682 1709 772 1798 οἷνιρῖν
795 1707 939 1792 βούλοιτο
964 1705 1080 1791 αὐτὸν,
1107 1705 1164 1772 καί
1183 1707 1283 1770 ταῦτα
1306 1727 1357 1769 νο-

271 1806 389 1870 σοῦντα
408 1809 482 1890 νῶν,
508 1806 543 1873 so*
560 1803 763 1890 κελευόμενον
784 1815 896 1872 ποιεῖν.
936 1801 953 1870 ὅ
971 1808 992 1871 δ
998 1811 1008 1837 '
1027 1802 1121 1872 οὐδὲν
1142 1803 1272 1870 ἔλαττον
1290 1795 1391 1870 rarsi

270 1905 305 1980 ἔξ
328 1903 430 1990 ἀρχῆς
447 1901 549 1989 εἴχετο
565 1909 722 1990 λογισμῶν
741 1909 796 1971 καί
810 1907 935 1990 γνῶμην
951 1900 1055 1988 εἶχεν,
1077 1904 1121 1982 ῶς
1139 1905 1207 1970 οὔδ’
1221 1898 1263 1970 ῶν
1279 1900 1315 1968 εἴ
1324 1926 1357 1968 τι

269 2003 388 2086 γίνοιτο
404 2007 449 2080 είς
460 2008 616 2087 βασιλέως
635 2009 744 2092 σχῆμα
765 2006 949 2090 κατασταίη.
965 2002 1103 2070 συνιδῶν
1123 2006 1159 2070 δὲ
1176 1998 1357 2086 δβασιλεδς

270 2101 314 2178 ῶς
326 2103 383 2168 οδκ
398 2097 439 2168 δν
455 2105 582 2171 δύναιτο
599 2109 722 2171 πείθειν
737 2100 834 2182 αὐτὸν
850 2105 993 2188 δμειβειν
1011 2101 1048 2170 τδ
1065 2105 1184 2189 σχῆμα,
1199 2099 1279 2185 ἔγνω
1292 2102 1357 2164 δεῖν

176 2205 180 2217 ”
242 2199 312 2286 curi
335 2205 416 2288 πέρα
443 2208 500 2270 τοῦ
521 2208 643 2282 δέοντος
666 2212 872 2292 φιλονεικεῖν,
890 2208 925 2271 δν
947 2199 1032 2270 οὕτω
1054 2205 1149 2292 στενῷ
1164 2201 1278 2288 κομιδῇ
1294 2199 1357 2262 τῶν

268 2301 463 2385 πραγμάτων
496 2304 720 2388 καθεστώτων,
766 2305 835 2370 ἀλλ’
867 2303 973 2382 αδτοῖς
1006 2302 1172 2391 πράγμασι
1210 2299 1395 2381 taciturno

270 2393 368 2464 eduis
391 2405 447 2485 τῆς
467 2406 629 2484 βασιλείας
645 2410 839 2488 καταλιπεῖν,
862 2408 999 2481 καὶτοῖς
1018 2403 1214 2489 παρεστῶσιν
1235 2400 1356 2464 ἐκέλευε
1469 2422 1470 2478 η

268 2496 342 2576 τούς
361 2521 396 2564 τε
419 2493 618 2588 προῦχοντας
640 2505 697 2589 τῆς
718 2501 893 2590 συγκλήτου
920 2507 1047 2590 πρῶτον
1065 2504 1121 2568 καί
1142 2497 1216 2578 τούς
1242 2489 1357 2568 ἄλλους
1469 2515 1470 2536 ¹

269 2595 407 2689 εδγενείρ
429 2601 657 2688 διαφέροντας,
693 2601 791 2668 ἔπειτ’
817 2603 930 2691 ἐφεξῆς
955 2600 1012 2666 καί
1039 2599 1117 2676 τοδς
1145 2591 1263 2672 ittam
1288 2589 1357 2660 ὅσθ’

268 2699 416 2784 παρῆσαν
440 2699 612 2784 Ῥωμαίων
630 2708 807 2785 συγκαλεῖν.
848 2701 919 2766 ἐπεὶ
948 2701 983 2766 δὲ
1005 2701 1165 2784 συνῆλθον
1191 2697 1248 2761 καί
1266 2717 1356 2780 περι·

264 2869 292 2920 vi
312 2869 402 2922 morbi
423 2873 563 2925 coniectus
586 2873 701 2926 emoriar
719 2871 762 2944 (id
786 2869 861 2943 quod
885 2877 949 2923 unte
973 2871 1046 2922 iores
1072 2869 1124 2940 est)
1149 2868 1264 2920 forsitan
1285 2879 1355 2916 mors

264 2955 325 2991 mea
340 2941 478 2996 molestias
491 2943 568 2997 vobis
585 2951 613 2995 et
626 2943 718 2996 turbes
743 2943 854 2995 creabit.
891 2941 986 3011 Itaque
1004 2958 1065 2994 curn
1081 2943 1136 2992 iam
1153 2955 1196 2991 res
1215 2940 1275 3007 ipss
1293 2935 1355 2987 offi-

265 3009 337 3077 cipnr
358 3013 423 3063 satis
445 3011 559 3076 docent,
576 3011 665 3066 νείατα
690 3011 811 3066 iubenda
833 3013 1026 3132 intempestiva
1048 3012 1202 3080 pertinacia
1224 3016 1255 3060 et
1275 3005 1356 3058 inde-

264 3094 326 3130 cens
346 3079 375 3132 iu
393 3083 570 3152 repugnando
583 3087 799 3152 perseverantia:
819 3085 913 3150 patien
935 3099 1049 3152 umque,
1067 3089 1142 3133 otte
1159 3081 1190 3132 in
1210 3083 1356 3148 conspectu

263 3157 401 3218 quotquot
426 3151 526 3205 adsunt
546 3156 742 3218 Romanorum,
768 3151 898 3205 sandaliis
921 3151 1105 3222 imperatoriis
1135 3157 1164 3202 et
1198 3149 1268 3200 tiara
1289 3163 1357 3208 mes,

264 3235 334 3286 quae
349 3219 458 3288 imperii
478 3221 615 3281 habentur
642 3225 784 3290 symbols,
813 3239 951 3282 exornem.
994 3223 1068 3275 Etsi
1093 3219 1206 3304 quidem
1227 3219 1357 3290 contain-

266 3303 330 3350 ero,
352 3287 423 3341 nihii
446 3293 511 3342 novi
535 3293 637 3345 factum
660 3293 762 3348 suerit:
792 3295 840 3347 sed
867 3291 942 3364 quod
963 3293 1131 3364 aprincipro
1152 3289 1222 3341 mihi
1241 3297 1300 3340 erat
1328 3287 1358 3338 in

266 3358 357 3409 snimo
380 3360 508 3430 quodque
524 3361 668 3416 studebam
688 3365 722 3416 ad
745 3383 761 3416 o
783 3383 813 3416 us
840 3363 1004 3434 perducere,
1033 3361 1085 3414 hoc
1109 3363 1164 3412 ism
1187 3374 1271 3430 opero
1297 3359 1357 3428 ipso

265 3427 418 3494 perfectum
448 3434 642 3502 conspicietur.
693 3382 780 3505 Quod
794 3437 817 3487 si
843 3435 877 3485 ab
903 3433 1061 3486 homiuibus
1087 3431 1292 3504 demigrarem,
1328 3435 1358 3479 tu

264 3503 352 3551 toturn
369 3499 513 3566 imperium
527 3505 688 3574 susceperis,
706 3522 796 3576 neque
814 3506 858 3572 (ut
874 3505 954 3568 solet,
973 3520 1034 3556 cum
1051 3503 1144 3555 nullus
1166 3507 1208 3552 est
1222 3494 1359 3568 princeps)

265 3567 379 3618 Romani
402 3569 584 3624 seditionibus
608 3584 636 3626 et
667 3575 748 3628 bellis
776 3575 811 3626 sd
834 3581 955 3626 mutuom
983 3573 1134 3644 perniciem
1162 3569 1356 3622 miscebuntur.

266 3635 340 3688 Haec
353 3637 499 3708 imperator
516 3642 692 3698 hortabatur:
711 3645 895 3716 addebatque,
914 3647 938 3697 si
955 3661 986 3697 se
1000 3653 1029 3697 et
1043 3641 1156 3714 quidem
1171 3655 1246 3692 nunc
1263 3653 1357 3707 aegro-

266 3713 325 3790 tum
342 3710 501 3761 contristare
519 3712 623 3777 nollet,
641 3731 676 3766 ne
700 3714 881 3778 detrectaret,
911 3733 965 3787 quo
984 3716 1152 3767 invitaretur.
1191 3709 1247 3764 Sed
1265 3707 1358 3760 dorne·

267 3783 349 3828 stscus
365 3779 448 3831 semel
461 3789 601 3850 susceptae
615 3788 769 3838 sententiae
783 3787 897 3850 affixus,
916 3787 1009 3838 ornnia
1025 3783 1118 3852 potius
1142 3782 1213 3834 velle
1232 3775 1357 3847 experiri,

267 3863 349 3966 quom
368 3858 526 3902 ornamenta
546 3853 722 3922 imperatorie
746 3871 893 3926 capessere.
948 3855 1077 3907 Sentiens
1105 3870 1186 3922 porro
1212 3851 1357 3920 imperator

288 3933 327 3966 ert
352 3935 408 3970 nou
435 3938 530 3990 posse,
557 3932 589 3975 ut
607 3926 636 3976 in
657 3923 769 3978 habitus
792 3927 975 3980 mutationem
1002 3925 1187 3984 consentiret,
1207 3937 1265 3973 non
1288 3919 1357 3970 uitat

267 4001 348 4056 quens
363 3989 402 4040 fas
416 4007 477 4044 cum
496 4009 528 4044 eo
545 3993 784 4059 contendendum,
808 3995 888 4049 rebus
914 3997 945 4047 iu
964 4003 1053 4046 tantas
1070 3995 1207 4064 angustias
1224 3988 1355 4044 redactis:

266 4055 314 4138 sed
334 4057 413 4112 iactis
429 4063 496 4129 ipsis
510 4061 620 4132 imperii
635 4083 816 4120 successorem
841 4063 1058 4136 relinquendum
1074 4065 1198 4118 censuit:
1218 4069 1247 4114 et
1266 4065 1356 4112 astan-

265 4127 340 4210 itbup
364 4131 521 4201 proecepit,
553 4133 690 4204 principes
712 4137 829 4204 primum
855 4137 1008 4188 aulicorum
1032 4149 1176 4204 procerum
1201 4140 1230 4183 et
1252 4126 1354 4198 alioqui

265 4195 411 4256 nobilitate
422 4209 599 4276 praestantes,
618 4203 719 4278 deiude
733 4205 801 4268 aiios
812 4205 910 4262 ordine
924 4207 1060 4263 Romanos
1075 4204 1248 4276 qnisdcssnt
1261 4195 1352 4256 sedit
