2986 4862
357 283 367 298 ⁸
472 317 758 388 msrommuu
787 325 828 386 ιι.
849 333 901 394 ιι.
1142 295 1227 412 375

145 478 170 542 ἀ
186 475 284 562 ἐχρῆν
308 473 408 540 odada
427 473 463 542 έκ
480 477 543 544 τάν
561 475 719 562 δημοσίων
739 478 795 564 τῆς
819 475 905 544 Χίου
929 475 1039 565 φόρων
1054 476 1300 564 impetuose.
1311 495 1376 570 ¹³²0

144 574 288 660 ἐτησίοις,
302 571 499 662 προσήκοντα
517 577 552 642 ἐκ
568 567 713 664 πατρῴου
732 574 860 662 κλήρου,
874 568 948 662 ἧκεν
966 575 1009 656 σός
1023 581 1156 663 βασιλέα
1173 577 1231 666 τήν

144 673 276 740 ἀδικίαν
298 674 438 758 ἐγκαλάν
457 677 500 764 τῷ
520 670 649 764 ἀδελφῷ
668 673 725 742 καί
738 684 847 760 τυχεῖν
871 676 1017 758 δεόμενος
1038 681 1231 765 ἐπικουρίας.

142 773 346 860 γραμματεῖά
358 797 391 840 τε
411 773 534 840 ἐδείκνυ
559 772 582 840 δι’
598 777 709 861 σαφῶς
736 769 852 860 πολλήν
869 776 929 840 τοῦ
945 775 1084 863 ἀδελφοῦ
1100 775 1156 842 καί
1172 775 1232 862 τήν

121 868 273 942 5ἀδικιάν
289 872 455 959 κατηγόρει
474 872 530 939 καί
542 873 600 960 τήν
614 871 849 960 ἀγνωμοσύνην.
862 874 1012 959 βασιλεός
1027 878 1061 941 δέ
1082 878 1232 962 ἐπηγγέλ·

142 969 214 1038 λετό
225 995 258 1036 τε
272 973 464 1058 τιμωρήσειν
482 968 567 1062 αότῷ
583 976 636 1060 ἐφ’
647 965 693 1052 οἷς
713 968 869 1040 ἀδικεῖται
887 969 1077 1062 ἀφικόμενος
1088 979 1161 1058 ἐκεῖ,
1178 975 1235 1040 καὶ

142 1066 242 1150 αότός
260 1071 353 1138 οάδὲν
375 1063 468 1158 ἧττον
483 1070 504 1140 ἃ
521 1071 609 1160 παραὶ
630 1073 803 1160 Μυρτίνου
820 1075 977 1140 ἀδικεῖται
999 1075 1233 1162 ἀπολήψεσθαι.

226 1169 270 1238 ια’.
292 1170 554 1258 Παρεσκευόζετο
564 1176 625 1256 μὲν
639 1166 696 1240 σόν
712 1171 822 1250 στόλος
842 1177 931 1241 πέντε
949 1173 1004 1240 καί
1019 1169 1126 1242 ἑκατόν
1144 1177 1231 1256 νεῶν,
1239 1199 1264 1250 p,
1275 1199 1330 1256 230

143 1262 189 1338 οἷν
204 1264 285 1356 ἦσαν
302 1265 395 1362 όλίγηι
413 1272 567 1350 ἐλάσσους
582 1275 628 1350 εἰς
652 1270 711 1352 τάς
726 1273 784 1340 δόσ
800 1278 917 1360 μοίρας
938 1271 1056 1362 διήρεις
1074 1273 1130 1340 καὶ
1141 1269 1229 1362 τριή-
1237 1293 1268 1344 V.
1279 1294 1326 1348 ι85

102 1395 222 1457 ιορεις,
250 1361 345 1450 ἐξιόν
364 1365 448 1458 ἦσαν
465 1371 642 1458 ἱππαγωγοὶ
660 1370 741 1440 ὄκτιό
757 1367 892 1458 ἄγουσαι
910 1374 1094 1462 τριακοσίιιν
1116 1374 1255 1450 innova

142 1468 180 1536 ni
201 1469 311 1536 tornai
333 1471 369 1536 δέ
392 1473 542 1560 μονήρεις
564 1467 659 1560 ἦσαν.
689 1471 758 1540 ἐπεὶ
772 1475 807 1540 δέ
829 1477 1124 1560 παρεσκευασμέναι
1142 1468 1236 1560 ἦσαν,

141 1571 202 1654 τήν
222 1592 258 1634 τε
283 1571 380 1638 ἵππον
397 1569 579 1654 ἐσεκόμιζυν
594 1571 651 1640 καί
673 1571 714 1639 τοὶ
739 1565 821 1640 ἀλλα
838 1571 1012 1658 ἐπιτήδεια.
1032 1567 1073 1660 ἦν
1089 1597 1125 1638 τε
1141 1569 1237 1656 ἀμιλ-

140 1673 186 1732 λα
208 1667 307 1754 πολλή
324 1678 391 1748 τοϊς
410 1671 638 1760 τριηράρχοις,
666 1668 802 1740 ἑκάστου
826 1675 1077 1759 φιλονεικοῦντος
1104 1678 1237 1738 πολυτε-

140 1765 213 1856 λείηι
239 1771 296 1836 καί
322 1763 521 1857 λαμπρότητι
538 1775 740 1858 παρασκευῆς
755 1769 831 1848 rode
854 1763 968 1848 ἄλλους
988 1769 1235 1856 ὑπερβαλέσθαι·

100 1865 200 1939 rixas*
219 1866 259 1934 τά
284 1892 320 1934 τε
349 1861 430 1934 ἀλλα
451 1868 637 1957 ἐξηρτύοντο
665 1869 745 1959 πρός
767 1868 804 1936 τό
831 1874 1159 1958 μεγαλοπρεπέστερον
1182 1869 1239 1936 καὶ

139 1965 182 2034 τό
203 1965 399 2056 πληρώματα
426 1971 585 2052 ἐκόσμουν
611 1971 704 2050 ἰδίαις
723 1970 925 2058 παρασήμοις
944 1969 979 2036 ἐν
998 1995 1033 2036 τε
1055 1964 1163 2046 όπλοις
1181 1971 1238 2034 καί

140 2067 280 2134 ἀσπίσιν.
321 2058 404 2154 ἦσαν
422 2066 484 2156 γάρ
507 2064 544 2135 οὗ
565 2071 629 2136 τάν
648 2068 829 2155 τυχόντων,
850 2066 931 2136 ἀλλά
952 2072 1069 2136 voivre
1090 2069 1255 2152 εάγευῶνο

140 2169 199 2234 καί
224 2165 347 2252 μεγάλα
376 2169 571 2252 δυναμένων.
619 2173 789 2238 συνέπλεον
816 2172 851 2238 δὲ
872 2173 916 2259 τῷ
936 2176 1065 2256 βασιλεῖ
1080 2163 1118 2232 οὗ
1139 2167 1240 2250 μόνον

139 2265 269 2334 ὁπλῖται
288 2269 344 2334 κατ’
364 2267 460 2352 ψιλός
486 2269 602 2354 πολός,
624 2268 706 2338 ἀλλά
725 2272 789 2336 τῶν
804 2294 838 2336 τε
859 2272 1070 2355 συγκλητικῶν
1091 2269 1148 2334 oriar
1169 2265 1234 2332 ὀλί-

95 2389 212 2453 πογοι,
250 2369 306 2434 καί
334 2374 534 2455 στρατιωτῶν
556 2371 595 2436 od
617 2369 715 2454 μόνον
745 2371 775 2438 οἱ
805 2367 996 2458 χρησόμενοι
1021 2375 1086 2446 τοῖς
1114 2368 1233 2450 ἵπποις,

140 2462 301 2536 ἀλλὰκαὶ
320 2459 413 2544 ἀλλος
433 2463 543 2552 όμιλος
563 2469 669 2547 πολιός.
699 2469 770 2536 ἐπεί
789 2473 824 2538 δέ
845 2469 948 2536 πάντα
968 2461 1028 2554 ήδη
1049 2461 1233 2552 ἐπεπόριστο

140 2569 199 2633 καί
218 2565 312 2636 odota
332 2569 433 2636 ἐνέδει
453 2567 509 2652 ἐτι,
529 2563 663 2658 ἄραντες
683 2575 718 2638 ἐκ
737 2573 921 2657 Βυζαντίου
943 2567 1052 2634 ἔπλεον
1072 2564 1127 2630 ἐπὶ
1142 2563 1234 2630 Χίον.

140 2662 271 2751 γνοόμην
292 2668 327 2733 δὲ
347 2662 432 2752 εἶχεν
447 2663 463 2734 ό
480 2665 639 2752 βασιλεῦς,
661 2667 707 2746 ιός
727 2663 767 2752 ήν
787 2667 807 2734 ό
824 2673 991 2754 Μαρτῖυος
1010 2661 1064 2730 τὸν
1084 2662 1234 2730 ἐπίπλουν

141 2765 336 2850 πυθόμενος,
363 2767 437 2855 πρίν
457 2769 502 2844 εἰς
522 2767 580 2854 τήν
600 2771 695 2854 νήσου
715 2769 869 2855 κατᾶραι,
899 2761 1054 2854 ἀφίκηται
1073 2759 1154 2849 πρός
1175 2757 1234 2826 αό-

142 2977 201 3030 aibi
217 2979 248 3030 in
264 2994 349 3034 annos
372 2978 492 3049 singulos
512 2975 681 3032 hereditario
705 2978 765 3029 iure
784 2977 818 3029 de
835 2975 958 3046 publicis
984 2971 1163 3042 vectigalibus
1182 2969 1232 3024 de·

142 3047 292 3112 bebantur,
302 3049 458 3122 quibusque
470 3049 504 3100 ab
521 3047 618 3103 eodem
633 3047 773 3100 fraudatus
789 3055 856 3110 erat,
867 3045 903 3100 nd
918 3047 1111 3116 imperatorem
1124 3061 1153 3095 se
1167 3058 1234 3093 con-

142 3120 229 3182 tulit,
253 3119 345 3172 fratris
363 3119 539 3191 iniquitatem
561 3136 689 3172 accusans
708 3126 736 3172 et
753 3119 886 3170 auxilium
905 3115 1044 3185 flagitans:
1062 3115 1131 3185 quin
1151 3113 1234 3165 etiarn

142 3190 253 3242 litteras
274 3188 417 3252 exbibens,
438 3189 538 3261 quibus
555 3207 651 3260 magna
669 3191 745 3242 illius
766 3189 903 3242 iniustitia
920 3185 1136 3256 improbitasque
1154 3199 1233 3236 coar·

143 3259 288 3330 gerebatur.
320 3262 470 3328 Imperator
489 3271 518 3314 et
535 3279 573 3325 ae,
591 3262 640 3312 ubi
658 3279 690 3314 eo
708 3259 837 3324 venisset,
858 3259 946 3312 scelus
964 3255 1181 3319 vindicaturum,
1205 3260 1234 3306 et

142 3329 325 3384 benedictum
342 3333 486 3400 pecuniam
504 3335 681 3386 interversam
700 3339 872 3400 recepturum
891 3327 1024 3398 promisit.

220 3419 262 3457 ιι.
297 3403 392 3467 ltaque
411 3403 502 3456 elassis
518 3412 629 3456 tentum
648 3411 676 3456 et
693 3403 816 3474 quinque
834 3401 946 3454 navium
965 3395 1188 3468 comparabatur,
1217 3410 1233 3446 e

144 3470 249 3542 quibus
265 3473 349 3542 paulo
368 3475 508 3540 pauciores
527 3482 605 3526 erant
622 3471 738 3526 duorum
756 3489 903 3544 generum,
926 3469 1043 3522 biremes
1062 3476 1091 3520 et
1109 3465 1233 3518 triremes

143 3541 292 3606 videlieet,
321 3552 350 3596 et
372 3561 406 3596 ex
428 3542 472 3596 bis
488 3543 637 3614 hippagogi
654 3551 735 3608 octo,
762 3543 845 3594 iniis
865 3540 932 3612 eqni
951 3539 1084 3602 trecenti,
1110 3537 1235 3606 reliquae

146 3615 296 3667 uniremes.
342 3614 391 3668 His
416 3617 538 3684 parntis,
565 3617 719 3684 equitatum
738 3621 766 3666 et
786 3611 888 3669 cibaria
907 3608 1046 3680 imposuit
1083 3607 1155 3660 Tum
1180 3621 1237 3658 nou

146 3683 218 3736 levis
238 3687 381 3738 contentio
406 3683 563 3738 trierarchis
579 3685 697 3748 incidit,
725 3681 790 3736 dum
815 3681 936 3754 quilibet
954 3689 1058 3734 eeteros
1077 3683 1237 3796 sumptuoso

145 3764 280 3824 apparatu
292 3773 418 3825 superare
434 3757 543 3817 nititur,
560 3763 589 3808 et
605 3773 666 3808 cnm
682 3753 736 3805 alia
753 3754 895 3822 magnifice
912 3751 1035 3816 instruit,
1051 3757 1110 3800 tum
1127 3746 1239 3828 cassia-

145 3825 250 3878 riorum
270 3843 342 3878 arma
360 3835 389 3878 et
407 3827 517 3896 clypeos
536 3827 593 3878 suis
616 3823 772 3895 insignibus
801 3831 932 3877 exornat:
960 3839 1012 3876 nec
1036 3821 1108 3872 enim
1132 3815 1167 3868 de
1191 3831 1239 3866 rn-

147 3896 213 3948 fima
231 3895 331 3966 plebe,
354 3896 403 3949 sed
416 3897 469 3948 riri
488 3897 597 3950 nobiles
616 3905 645 3948 et
662 3893 809 3946 admodum
829 3893 934 3964 copiosi
954 3897 1038 3946 erant
1068 3883 1240 3956 Navigabant

146 3983 230 4036 porro
255 3983 316 4018 eum
342 3965 506 4037 imperatore
523 3983 580 4020 non
604 3967 687 4020 modo
712 3965 798 4036 gravis
827 3972 857 4017 et
880 3963 948 4018 levia
971 3966 1121 4013 armaturae
1140 3955 1240 4017 multi,

146 4037 326 4090 verumetiam
350 4036 384 4089 de
409 4035 567 4107 proceribus
593 4053 649 4090 non
669 4035 766 4106 pauci,
792 4041 820 4086 et
837 4041 945 4104 praeter
962 4031 1069 4116 equites
1090 4021 1239 4080 multitudo

148 4107 217 4159 item
235 4125 290 4160 non
311 4107 473 4176 spernenda.
510 4107 647 4162 Omnibus
667 4109 718 4160 rite
737 4105 853 4176 paratis,
879 4106 1010 4172 Byzantio
1028 4101 1089 4151 veta
1107 4101 1136 4151 in
1151 4097 1238 4178 altam

147 4176 262 4240 danus,
278 4193 386 4230 cursum
403 4177 433 4230 in
451 4175 550 4228 Chium
569 4177 699 4246 dirigunt.
736 4177 877 4230 Statuerat
892 4189 957 4227 vero
976 4175 1144 4241 imperator,
1162 4173 1194 4217 ut
1213 4180 1237 4218 ιι

148 4247 297 4312 Martinus,
314 4248 431 4304 adventu
452 4249 547 4303 clarata
562 4247 675 4314 audito,
692 4247 853 4318 priusquam
872 4246 903 4300 in
920 4243 1039 4298 insolam
1056 4235 1237 4294 descendere·
