2830 4870
250 295 309 380 60
684 309 979 382 ermemm-
1003 333 1009 342 ·

106 467 448 550 A.c‚1321adtitcroaie
466 469 621 554 βασιλέως
640 471 840 556 συναθροίσιο
868 464 924 530 rui
940 461 1014 539 τοός
1033 464 1143 545 έμοός·
1177 466 1221 538 εἰς
1240 464 1271 528 ἐν
1290 465 1321 527 δὲ

255 571 473 652 συνελθόντες,
502 572 557 634 κατ’
572 567 627 636 τόν
641 571 710 634 νέον
720 569 854 651 βασιλέα
873 561 1121 650 παραλαβόντες,
1149 557 1224 646 ὅπερ
1240 556 1319 642 οἶμαι

251 673 443 758 δυνήσεσθαι
449 720 459 751 ,
485 667 565 755 πρός
579 665 634 734 τόν
650 670 705 752 τῆς
720 668 841 752 Σοφίας
856 660 1095 743 ἀπελευσόμεθα
1113 663 1170 726 τοῦ
1183 661 1259 724 etot
1274 660 1323 724 λό-

252 795 309 858 γου
329 776 417 834 θεῖον
437 766 531 849 νειὸν,
571 763 630 851 τὴν
650 765 807 848 σωτηρίαν
837 761 891 827 διά
911 763 968 844 τῆς
988 754 1121 834 ἀσυλίας
1140 761 1195 843 τῆς
1215 757 1324 822 ἐκείνω

251 865 580 957 πραγματευσάμενοι,
621 857 690 928 εἶτα
714 858 1033 948 διαπρεσβευσάμενοι
1066 855 1146 944 πρός
1183 857 1343 940 βασιλέαβ

254 968 428 1052 άμνηστίαν
452 965 620 1048 αἰτήσομεν
638 967 700 1027 τῶν
718 961 953 1045 τολμηθέντωντ
973 956 1029 1023 τόν
1048 958 1093 1039 δὲ,
1115 956 1259 1022 δείσαντα
1276 954 1328 1038 την

254 1065 376 1147 στάσιν,
397 1061 501 1149 ιόσπερ
520 1060 610 1142 εἰκός,
633 1057 715 1149 όρκρι
730 1061 785 1124 καί
796 1063 925 1141 βασιλεῖ
937 1055 992 1120 καί
1002 1053 1079 1140 ἡμῖν
1093 1057 1150 1119 καί
1160 1051 1216 1140 την
1231 1047 1330 1138 άσφά-

253 1173 342 1230 λειαν
359 1160 581 1227 πιστώσασθαι
602 1159 656 1224 καί
671 1161 730 1244 τὴν
749 1158 922 1242 α’μνηστιαν
938 1157 999 1222 τῶν
1017 1154 1246 1240 εἰργασμένων.
1276 1148 1329 1214 τοῦ
1405 1185 1406 1194 1

253 1265 324 1328 νέου
346 1263 382 1326 δὲ
410 1261 565 1342 βασιλέως
587 1251 819 1342 άπαλλαγέντος
846 1256 906 1320 cosi
925 1251 1130 1338 περισχόντος
1156 1253 1212 1317 νόν
1231 1249 1331 1330 ἐξαπί-

229 1370 310 1446 Grpe
328 1357 483 1440 νινδόνου,
504 1356 570 1452 τότ)
588 1351 650 1442 ἤδη
670 1358 932 1441 βουλευσαμένοις
952 1349 1028 1439 όπερ
1051 1346 1091 1420 tv
1110 1355 1187 1440 δοκῇ
1207 1352 1364 1434 βέλτιον,ιο

253 1464 378 1540 ἐξέσται
393 1456 543 1545 πράττειν
561 1460 630 1522 κατ’
648 1457 802 1534 ἐξουσίαν.
843 1449 865 1539 ἢ
888 1451 949 1539 γάρ
976 1455 1012 1519 έν
1031 1454 1089 1537 τῆς
1109 1452 1244 1537 ἤπειρον
1260 1449 1332 1532 μίιιν
1406 1470 1407 1500 ι

253 1564 315 1636 τῶν
334 1561 390 1643 τῆς
410 1555 530 1632 πόλεως
549 1559 657 1622 πυλῶν
678 1553 878 1636 διατεμόντες
903 1549 1122 1634 ἐκπεσοόμτθα
1151 1547 1280 1632 νυκτός,
1312 1541 1333 1628 ἢ

251 1661 315 1725 τῶν
330 1659 365 1722 ἐκ
380 1659 411 1723 Γ
408 1655 535 1730 εννοόας
554 1657 613 1720 τοῦ
627 1655 783 1738 βασιλέως
806 1655 908 1738 φιλων
929 1648 1044 1737 τριήρη
1061 1649 1142 1730 μίαν
1164 1641 1186 1734 ἢ
1206 1650 1261 1714 καί
1282 1647 1334 1712 δόο

255 1754 486 1843 πληρωσάντων
500 1752 728 1839 ἐπιβησόμεθα,
749 1752 805 1815 καί
819 1747 899 1834 πρός
913 1746 971 1824 τάς
987 1749 1165 1832 παραλίους
1182 1750 1240 1833 τῆς
1256 1744 1336 1834 Θρά-

256 1878 312 1939 ιιης
337 1853 443 1930 πόλεις
475 1844 588 1937 (αὗται
611 1853 641 1914 δ’
664 1853 743 1918 εἰσίν
762 1846 916 1934 ἡμέτεραι
933 1843 987 1910 διά
1008 1844 1043 1911 τό
1065 1843 1124 1913 τόν
1147 1839 1370 1932 Συργιάννητῑ5

254 1954 358 2018 αὐτῶν
373 1951 614 2036 intremuisse)
636 1946 914 2032 διασωθησόμεθα·
936 1947 991 2011 καί
1006 1940 1089 2012 viru
1107 1944 1238 2034 μακράν
1258 1945 1340 2029 γετό·

254 2075 344 2134 μενοι
365 2053 429 2115 τῶν
451 2046 620 2130 κινδόνων,
649 2044 775 2111 itone
790 2047 966 2132 συμφέρειν
983 2047 1019 2112 ἐν
1037 2044 1162 2136 όστέριμ
1177 2043 1340 2133 πράξομεν.

257 2149 294 2214 τό
313 2152 349 2214 δὲ
359 2151 415 2214 νῦν
430 2145 512 2232 ἔχον,
532 2145 617 2236 πόση
636 2147 689 2211 δεῖ
697 2143 882 2230 χρήσασθαι
897 2147 953 2209 καί
968 2139 1081 2235 άνδρίρ
1099 2147 1157 2212 καὶ
1171 2143 1342 2233 προθυμίη,

230 2249 319 2316 Dxui
337 2245 454 2334 αὐτὴν,
486 2245 515 2312 εὶ
530 2247 611 2328 δέατ’,
644 2244 701 2332 τὴν
721 2243 803 2330 ζωὴν
820 2244 993 2332 προθύμως
1009 2247 1237 2330 προϊεμένους,
1266 2239 1342 2308 ciera

258 2353 323 2415 τῶν
346 2345 558 2432 περισχόντων
583 2341 759 2430 ἐξαρπάσαι
779 2344 933 2408 κινδόνων
956 2340 1012 2408 τόν
1035 2348 1197 2426 βασιλέα,
1229 2345 1284 2410 καί
1302 2339 1376 2425 pito

256 2449 409 2534 περιϊδεῖν
427 2441 526 2510 αότόν
546 2440 615 2525 ἅμα
631 2447 674 2532 τῷ
694 2445 804 2532 διιιαίιρ
827 2439 1055 2528 διαφθαρέντα·
1082 2442 1142 2508 καί
1154 2445 1276 2528 tarpeis·
1288 2439 1343 2525 γάρ

170 2599 173 2608 r
256 2545 330 2624 τοός
353 2545 596 2629 ἐμπειροτέρους
615 2541 740 2628 δρῶμεν
765 2540 820 2606 κατ’
841 2542 1025 2628 στρατηγῶν
1046 2539 1126 2628 πρὸς
1149 2541 1191 2608 τά
1211 2545 1347 2606 κατεπεί-

256 2668 351 2730 γοντα
377 2647 497 2726 μᾶλλον
519 2640 705 2724 ἱσταμένους
727 2645 790 2708 τῶν
812 2637 999 2725 νοσημάτων
1017 2637 1156 2708 καὶτῶν
1177 2640 1347 2723 πολέμων.”

262 2743 387 2829 Ταότης
400 2745 454 2828 τῆς
471 2743 587 2828 βουλῆς
604 2739 660 2806 καί
671 2739 928 2828 πρωτοστράτορι
942 2741 1107 2826 βελτίστης
1124 2736 1211 2807 εἶναι
1233 2741 1349 2827 κριθεί-

256 2899 377 2972 poteria‚
403 2897 450 2952 hic
467 2900 626 2970 praestolari
645 2899 722 2952 iube:
757 2915 807 2970 ego
825 2896 891 2951 hine
907 2895 1059 2969 digressus,
1086 2900 1206 2968 nepotis
1223 2909 1349 2967 meosque

256 2969 434 3041 congregabo.
481 2973 513 3024 lu
537 2989 618 3026 unam
647 2970 749 3023 deinde
773 2967 979 3022 multitudinem
1002 2967 1180 3036 conglobati,
1223 2969 1349 3020 adiuncto

252 3043 321 3094 item
337 3043 517 3110 imperatore,
544 3041 619 3114 quod
636 3043 735 3109 opinor
747 3058 796 3094 nos
814 3057 910 3109 posse,
939 3038 975 3091 sd
988 3038 1110 3108 Sophiae
1127 3041 1184 3092 Dei
1202 3039 1290 3091 Verbi
1309 3053 1348 3087 sa-

254 3120 419 3194 crosanctam
444 3111 538 3164 sedem
559 3129 608 3165 uos
633 3113 810 3180 recipiemus:
841 3110 883 3192 iipi
900 3107 1021 3230 deripue
1041 3119 1072 3161 ut
1089 3111 1121 3160 iu
1144 3111 1246 3194 asylo,
1273 3107 1349 3160 saluti

253 3189 363 3234 nostrae
388 3181 584 3233 incumbemus.
633 3181 806 3233 Postmodum
834 3196 923 3230 missis
950 3198 965 3231 s
1009 3195 1087 3231 avrrm
1117 3181 1296 3240 oratoribus,
1323 3183 1350 3225 ut

262 3267 343 3304 ausu·
363 3251 393 3302 iu
411 3267 441 3304 so
458 3259 564 3302 nostros
579 3249 718 3302 oblivione
736 3250 900 3320 sempiterna
917 3250 1019 3313 deleat,
1034 3251 1206 3320 rogabimus.
1245 3251 1279 3302 Et
1292 3248 1352 3320 quia

262 3320 441 3382 seditionem,
468 3319 542 3390 quod
566 3319 697 3372 credibile
717 3329 773 3383 est,
799 3321 911 3384 timeat,
937 3329 969 3372 ut
983 3321 1168 3373 iureiurando
1187 3323 1287 3391 nepoti
1306 3335 1353 3370 oo·

258 3392 359 3475 bisque
383 3397 441 3440 tum
465 3393 654 3454 securitatem,
690 3397 748 3441 tum
768 3391 971 3474 commissorum
997 3392 1073 3443 iilum
1093 3392 1276 3445 oblivionem
1294 3405 1354 3473 pro-

258 3467 360 3514 mittat.
396 3461 540 3530 Postquam
558 3477 592 3513 es
608 3459 661 3512 hoc
677 3467 732 3514 tam
752 3461 843 3514 subito
863 3462 984 3530 periculo
1005 3463 1143 3528 evaserit,
1172 3471 1236 3515 tum
1258 3455 1356 3512 ‹iernde

257 3532 308 3584 ubi
335 3531 567 3594 consuluerimus,
600 3529 674 3600 quod
699 3541 834 3600 praestare
856 3531 1010 3592 ridebitur,
1041 3532 1102 3582 eius
1139 3533 1247 3603 agundi
1273 3531 1356 3582 libera

257 3610 378 3672 potestas
405 3603 465 3654 erit
501 3603 555 3654 Aut
583 3603 655 3654 enim
673 3619 689 3652 ι
709 3603 867 3672 continente
887 3619 942 3654 una
958 3600 1034 3654 urbis
1055 3610 1139 3670 porta
1162 3608 1289 3664 effracta,
1309 3615 1357 3650 αο-

259 3671 410 3726 ctusbundi
428 3688 614 3740 erumpemus:
634 3671 844 3736 antemnates,
863 3671 1094 3742 nepotis'emicos,
1114 3675 1264 3728 triremem
1282 3685 1359 3724 ιιποω

257 3741 373 3796 binaeve
390 3736 655 3794 instructes'ausiiie
673 3759 829 3811 poscemus,
867 3742 946 3794 etad
963 3742 1113 3794 maritimas
1136 3744 1278 3796 Thraciae
1294 3739 1359 3790 rivi-

258 3821 345 3876 tstes,
367 3830 455 3882 quae,
480 3815 609 3881 quoniam
628 3828 643 3862 a
662 3813 809 3884 Syrgiaune
829 3821 973 3883 reguntur,
996 3829 1012 3865 s
1034 3812 1120 3865 nobis
1141 3823 1226 3878 sunt,
1255 3811 1360 3866 inceiu-

259 3899 317 3935 mes
336 3881 528 3952 proiugiemus.
569 3885 658 3952 Atque
676 3884 715 3935 ita
733 3884 828 3950 procui
845 3884 989 3954 periculis,
1015 3899 1086 3953 qrase
1105 3884 1139 3934 iu
1159 3903 1221 3936 rem
1243 3893 1360 3936 nostram

260 3953 519 4015 existimaverimus,
547 3951 581 4006 de
602 3961 692 4004 cetero
710 3971 896 4024 exsequemur.
936 3953 1015 4006 Nuuc
1040 3954 1145 4006 anisnis
1175 3973 1250 4025 opus
1270 3962 1361 4020 etpe-

259 4031 335 4076 ctorc
356 4023 446 4076 firmo:
480 4041 568 4084 uuuc,
598 4023 622 4074 si
640 4040 681 4074 rcs
701 4023 848 4092 flagitabit,
877 4023 937 4092 ipsa
960 4041 1015 4094 quo
1038 4040 1071 4074 ue
1095 4025 1199 4078 anima
1223 4019 1361 4092 intrepide

258 4090 459 4162 impendenda,
491 4109 546 4164 quo
564 4094 753 4162 imperatorem
779 4095 914 4146 iuniorem
932 4111 948 4146 e
968 4043 1058 4145 medio
1076 4093 1254 4148 discrimine
1274 4102 1361 4146 estra-

258 4161 369 4225 hemus,
394 4181 445 4215 uec
462 4180 523 4216 euru
544 4166 573 4216 in
593 4180 672 4215 causa
691 4164 762 4216 iusta
780 4164 840 4232 rapi
861 4165 895 4216 ad
912 4165 1054 4218 interitum
1093 4167 1245 4220 atiamur:
1277 4161 1362 4234 siqui·

259 4232 321 4288 dem
341 4241 370 4290 ct
387 4234 508 4288 medicos
527 4242 555 4286 et
573 4233 640 4286 beiti
658 4233 740 4286 duces
757 4235 989 4306 experientium,
1013 4180 1121 4292 mosiis
1145 4253 1181 4290 se
1200 4237 1303 4310 pugnis
1322 4235 1364 4286 in·
