2946 4872
202 304 226 361 1.
255 247 433 362 ramim
461 281 714 362 carucatam
744 295 1012 365 oraurrsrou.
1073 303 1165 369 xxxi

105 468 168 536 tant,
187 445 302 518 habere
320 453 518 536 pedisequum
540 471 654 528 unum,
675 453 727 534 qui
742 465 854 516 vestem
869 455 1039 518 huiusmodi
1093 473 1164 542 rtat,

102 543 192 602 ceteris
205 537 484 622 superiniiciendam
494 537 691 610 vestimentis,
707 536 731 595 si
745 539 813 598 nire
822 549 936 599 mutato
946 539 1023 601 forte
1035 563 1056 624 p
1068 555 1132 605 uat.

169 621 279 703 Μέγας
297 618 491 697 δομέστικος,
512 619 649 698 Magnus
663 617 860 682 domesticus.
882 623 975 683 Varia
990 625 1052 686 eius
1068 625 1166 690 officia

98 705 168 788 apud
180 703 394 786 Cmopalatam
420 702 491 763 vide
511 703 607 765 variis
622 699 706 761 locis.
747 701 866 763 Nomen
881 703 1035 767 domestici
1050 709 1089 769 ad
1102 709 1166 792 plu·

98 811 139 849 res
151 789 302 872 dignitates
322 785 511 868 pertinebat,
533 805 612 866 quae
625 783 766 845 adiuncto
786 785 1050 870 discernebantur,
1071 803 1105 852 ut
1119 815 1165 854 co·

98 893 220 952 gnosum,
234 895 251 934 e
266 871 378 954 qniluts
388 871 489 952 magni
503 869 659 930 domestici
674 869 870 952 praecipuum
887 871 1035 954 extitisse,
1054 895 1164 939 nomon

98 959 183 1038 ipsum
196 975 324 1038 magum
339 953 496 1035 significat.
718 979 721 984 ·

169 1029 439 1122 Πρωτοστράτωρ,
455 1033 687 1098 Protostrator.
730 1031 865 1096 Absente
878 1058 989 1120 magno
1003 1037 1165 1105 domestico

98 1122 149 1182 sert
161 1122 345 1204 imperatoris
365 1117 515 1202 spatham.
557 1119 637 1180 Cum
658 1119 759 1198 itaque
781 1119 944 1200 imperator
964 1133 1009 1183 est
1029 1144 1165 1186 conscen·

98 1225 175 1266 sunu
187 1225 307 1288 equum
330 1205 439 1263 comite
454 1223 600 1284 equorum
615 1202 805 1282 imperatoris
819 1201 985 1265 adducente
1000 1217 1029 1266 et
1046 1217 1166 1270 tenente

96 1308 218 1368 equum,
237 1297 395 1370 postquam
415 1285 547 1347 ascendit
567 1287 744 1366 imperator,
767 1295 964 1365 protostrator
977 1287 1165 1370 prehendens

99 1369 176 1430 lrcno
188 1369 301 1430 deducit
315 1389 427 1450 equum
438 1368 476 1429 ad
490 1379 629 1452 quartam
650 1378 705 1430 taut
719 1367 854 1448 quintam
956 1381 1101 1454 epartem
1116 1395 1165 1434 au-

97 1451 142 1512 lae
150 1451 253 1534 palatii.
296 1451 414 1512 Deinde
428 1453 573 1534 recipiens
588 1471 659 1512 eum
673 1469 799 1532 magnus
817 1451 924 1512 cbartu
937 1455 1030 1532 arius,
1045 1455 1166 1519 deducit

97 1533 173 1596 limo
193 1536 228 1596 ad
249 1547 369 1620 portam
385 1555 479 1618 usque
494 1533 591 1595 aulae.
634 1533 780 1594 Similiter
790 1535 880 1594 etiam
895 1535 977 1613 sacit,
993 1559 1061 1597 cum
1075 1541 1165 1622 impe-

97 1624 170 1678 rator
188 1617 313 1702 pedibus
335 1621 432 1678 itursu
446 1627 503 1696 est,
525 1615 772 1700 agens'videlicet
785 1635 803 1674 a
816 1627 904 1698 porta
919 1639 1029 1700 equum
1042 1621 1081 1681 ad
1096 1643 1165 1684 eum

97 1719 180 1783 usqne
202 1701 322 1780 locum,
344 1721 434 1784 quem
456 1711 525 1760 ante
549 1701 691 1760 diximus:
715 1719 749 1758 ex
769 1719 830 1780 quo
853 1701 962 1760 iterum
977 1704 1082 1784 recipit
1095 1721 1166 1766 eum

96 1796 299 1864 protostrator,
321 1804 411 1866 agens
434 1782 472 1843 ad
485 1803 555 1843 eum
569 1801 667 1863 usque
680 1780 793 1862 locum,
814 1781 867 1841 ubi
890 1785 1054 1866 imperator
1074 1787 1166 1868 pedes
1222 1859 1224 1864 Ι

97 1867 244 1930 essesolet.
288 1865 379 1944 Quod
404 1867 428 1925 si
443 1865 520 1926 sorte
554 1874 781 1925 rotostratorem
801 1863 903 1925 abesse
917 1869 1086 1950 contigerit,
1107 1868 1166 1930 hoc

97 1948 159 2011 facit
176 1973 192 2014 a
201 1951 361 2096 1principio
385 1969 480 2032 napae
501 1887 552 2008 ad
562 1947 653 2009 finem
675 1967 801 2030 magnus
814 1947 1026 2012 chartularius.
1067 1949 1165 2014 Paulo

156 2055 164 2094 ε
228 2041 407 2096 mtostrator
429 2034 519 2092 etiam
539 2041 584 2093 est
598 2030 737 2092 defensor
756 2051 925 2092 cursorum.
942 2035 1086 2094 Cursores
1107 2033 1165 2097 boc

95 2043 251 2195 ΕΜ,
272 2119 455 2198 quicumque
475 2111 550 2174 nulli
575 2115 688 2195 agmini
715 2123 767 2174 aut
787 2117 872 2197 signo
886 2114 1008 2176 militari
1023 2116 1165 2200 adscripti

97 2210 167 2276 ant,
180 2201 229 2262 sed
239 2201 299 2282 ipsi
312 2207 409 2259 casua
417 2209 641 2280 prosequuntur
655 2195 748 2276 ultro,
763 2217 796 2256 ex
834 2207 964 2259 ectames
978 2199 1051 2259 dum
1065 2219 1165 2261 accen·

97 2282 118 2338 si
134 2281 210 2344 liant.
242 2283 299 2343 His
313 2284 394 2341 enim
407 2301 504 2362 neque
518 2279 656 2340 ordinem
669 2283 808 2341 retinenti
830 2301 878 2358 us,
900 2301 998 2364 neque
1011 2280 1165 2343 llammeo-

96 2358 151 2423 lum
163 2367 286 2450 (signum
300 2363 428 2424 militare
439 2374 494 2442 est,
510 2363 618 2424 Latina
631 2365 758 2446 origine,
778 2383 796 2422 a
811 2361 911 2424 colore
930 2365 1053 2444 dictum)
1064 2385 1165 2448 suum,

97 2445 142 2505 sed
154 2447 315 2509 inordinate
330 2445 555 2530 quodammodo·
566 2445 738 2525 dissolutis,
761 2457 959 2527 protostrator
985 2451 1049 2530 ipsc
1062 2449 1166 2509 subse-
1189 2462 1191 2470 ’

96 2548 188 2608 quens,
201 2531 334 2594 defendit
347 2533 439 2612 ipsos,
453 2533 477 2591 si
492 2529 568 2590 forte
581 2528 662 2590 bello
676 2531 896 2611 opprimantur.
912 2531 1075 2614 Propterea
1086 2535 1166 2592 enim

96 2623 275 2689 protostrator
296 2617 386 2674 etiam
407 2611 585 2695 appellatur,
614 2613 696 2694 quod
709 2613 764 2672 toti
779 2615 835 2694 ipsi
850 2613 982 2698 στρατῷ,
1004 2613 1036 2674 id
1057 2624 1102 2674 est
1115 2635 1166 2675 ex-

96 2699 187 2757 ercitui
207 2707 326 2778 praeeat
345 2705 375 2756 et
396 2699 538 2757 consistat
550 2697 677 2778 primus.
721 2693 936 2756 Acursoribus
949 2707 1050 2756 autern
1063 2717 1167 2758 omnes

97 2793 141 2835 res
157 2783 267 2858 varias,
288 2799 367 2862 quae
388 2777 483 2838 iutilia
505 2780 719 2856 nominantur,
740 2779 831 2850 moris
855 2787 901 2836 cst
921 2789 1167 2860 protostratorcm

98 2861 229 2941 accipere.
268 2861 399 2922 Nomine
413 2856 579 2944 purrlr'tov,
601 2859 744 2937 fistilium,
754 2863 809 2938 (est
823 2861 903 2918 enim
918 2861 1060 2920 Latinum
1075 2881 1167 2921 voca-

96 2937 212 3024 butum)
225 2945 427 3028 significantur
439 2959 646 3024 quaecumque
659 2963 718 3018 res,
733 2962 810 3021 quae
824 2961 878 3020 per
891 2961 923 3000 se
933 2941 1020 3001 nihili
1031 2953 1101 3001 sunt
1115 2954 1168 3002 aut

99 3022 164 3084 nibil
181 3027 219 3088 ad
238 3047 303 3088 rem
326 3025 485 3086 militarem
499 3025 623 3099 faciunt,
645 3021 775 3104 denique
789 3021 1001 3104 impedimenta
1015 3023 1086 3084 belli
1101 3046 1167 3084 eer-

99 3105 207 3190 h'asirna,
222 3112 280 3170 nisi
294 3117 479 3170 avertantur.
501 3107 579 3167 Nam
593 3105 667 3166 hacc
680 3125 816 3166 ctusores
828 3104 1015 3166 commodius
1028 3127 1167 3190 compor-

97 3195 250 3274 tuntqunm
263 3192 385 3270 milites,
400 3193 471 3272 quia
485 3211 547 3251 non
561 3189 685 3250 haerent
699 3190 801 3271 signis:
817 3197 847 3247 et
857 3187 999 3248 audacius
1009 3189 1166 3274 colligunt,

98 3273 159 3348 quia
172 3297 201 3336 se
213 3275 328 3359 legibus
341 3295 403 3335 non
416 3275 511 3334 teneri
530 3281 647 3354 putant.
671 3269 875 3351 Quamobrem
889 3275 1096 3352 protostratori
1110 3295 1167 3356 po-

98 3359 253 3420 taasdata
265 3369 310 3419 est
324 3357 419 3418 futilia
434 3359 491 3416 ista
503 3354 667 3416 auferendi.
902 3367 905 3377 ’

168 3441 278 3522 Μέγας
290 3429 523 3514 sammaritae,
587 3441 593 3453 '
611 3435 726 3497 Gallice
740 3436 945 3510 Οοηεεεαὺὶι,
965 3435 1069 3498 Italica
1083 3435 1167 3500 Con-

100 3523 239 3598 testatae,
261 3523 369 3583 Latine
384 3519 491 3582 Comes
506 3533 554 3581 sta
576 3519 634 3580 uli.
668 3519 733 3578 Ubi
749 3521 773 3579 si
785 3517 935 3580 stabulum
948 3539 1004 3602 pro
1018 3519 1109 3602 equili
1122 3541 1178 3600 aeg

99 3601 190 3683 cipias,
208 3609 265 3667 erit
280 3605 388 3666 Comes
402 3600 524 3679 stabuli,
540 3601 588 3664 vel
610 3604 663 3684 qui
689 3611 805 3684 praeest
819 3603 960 3662 omnibus
973 3605 1068 3684 copiis
1081 3624 1168 3684 eque·

99 3683 204 3749 suibus:
218 3688 269 3752 vel
282 3689 335 3771 qui
348 3695 466 3770 praeest
478 3686 620 3766 equitatui
635 3685 822 3768 imperatoris
836 3683 945 3745 aulico.
961 3683 1054 3766 Apud
1064 3706 1167 3746 recen·

99 3767 176 3830 fiores
189 3771 318 3833 Graecos
333 3781 378 3830 est
391 3769 451 3830 dns
467 3769 620 3849 copiarum
634 3767 834 3846 auxiliarium,
849 3787 926 3849 quae
941 3787 976 3828 ex
994 3766 1103 3848 Gallia,
1125 3768 1169 3830 si·

100 3847 168 3931 ota,
181 3853 276 3932 ltalia,
297 3855 429 3914 factumc
443 3851 588 3932 stipendia
602 3853 747 3911 orientem
761 3849 913 3931 petebant.

170 3933 281 4016 Μέγας
295 3933 474 4016 λογοθέτης,
488 3935 623 4014 Magnos
637 3931 822 4014 Logotlteta.
848 3931 1068 3994 cancellarium
1083 3933 1168 3994 Lati-

99 4011 139 4073 nis
151 4021 246 4079 vomri
263 4017 442 4099 λθγοθὲτην,
457 4019 498 4076 ait
513 4017 632 4076 Nicetes
645 4013 700 4076 lib.
717 4037 748 4098 7.
791 4017 903 4076 Munus
923 4017 1023 4098 magni
1038 4017 1067 4076 lo
1087 4017 1167 4075 othe·

100 4102 140 4154 tac
151 4097 195 4160 bis
208 4101 306 4163 verbis
320 4099 499 4182 Curopalata
514 4097 665 4159 describit.
706 4097 762 4158 Dis
784 4101 847 4158 onit
866 4093 1005 4159 mandata
1028 4109 1057 4159 ct
1068 4037 1167 4157 lutus

101 4195 205 4266 ausas,
225 4205 301 4268 quae
313 4183 353 4247 ab
366 4187 545 4268 imperatore
559 4183 718 4246 mittuntur
732 4201 750 4243 a
784 4201 879 4265 reges,
900 4179 1039 4244 Sultonos
1061 4190 1091 4240 et
1108 4179 1166 4240 To
