2918 4846
355 259 363 277 ’
469 289 757 369 ursroltllutur
787 305 826 371 u.
849 314 899 378 aa.
1140 285 1220 398 509

131 460 376 543 αγορευομένους
410 461 560 541 λειμῶνας
600 453 640 520 ού
672 459 751 524 πολύ
780 465 837 547 τῆς
864 458 982 538 πόλεως
1017 457 1360 556 ἀνεστηκόταςλὼτιη

130 553 217 642 παρά
238 555 295 642 τὴν
314 558 472 637 Τούντζαν
488 558 713 640 ὠνομασμένον
735 557 891 642 ποταμόν.
933 558 1013 624 ind
1033 564 1070 626 δὲ
1086 563 1217 648 ἡμέραις

126 655 292 737 Ῥωμαίων
306 680 339 721 τε
355 661 410 722 καί
425 658 552 722 Mansio
567 655 642 733 τούς
660 661 724 724 τάν
738 661 901 746 σφετέρων
919 664 1075 744 βασιλέων
1094 659 1216 746 γάμους

130 753 417 840 συνεορτασάντων,
444 759 482 842 τῇ
500 754 611 844 ε’ννάτη
630 751 696 839 άμα
714 759 754 846 ips
769 754 918 841 βασιλεύς
937 758 1145 845 Ἀλέξανδρος
1163 763 1218 826 καί

108 853 245 926 ὅΜυσοί
263 851 321 937 την
337 858 492 936 βασιλέως
509 857 672 941 θυμάτέρα
680 907 690 938 ,
723 859 873 939 βασιλίδα
898 859 933 923 δὲ
951 857 1056 922 αύτιὸν
1078 861 1214 944 Μαρίαν

128 949 187 1036 τὴν
204 953 460 1037 Παλαιολοχίναν
478 953 723 1040 παραλαβόντες,
747 949 951 1042 ἀνεχώρησαν
966 957 1011 1032 εἰς
1026 956 1083 1042 την
1102 961 1214 1024 Μυσί.

129 1075 185 1115 αν·
227 1053 350 1116 εἵποντο
371 1055 406 1118 δὲ
425 1049 507 1140 αύτῇ
526 1052 581 1118 καί
596 1053 761 1135 Ῥωμαίων
779 1058 815 1122 ἐκ
842 1059 905 1121 τῶν
928 1058 1090 1142 ἐπιφανῶν
1104 1057 1215 1122 πολλοί

128 1143 206 1237 άχρι
228 1149 399 1237 Τρινύβου.
441 1155 508 1216 ἐκεῖ
524 1155 560 1217 δὲ
587 1149 858 1237 ὑπολελειμμένων
874 1157 937 1220 ταῖν
955 1152 1040 1239 παρά
1056 1156 1243 1238 βασιλέωςι)

127 1254 325 1332 τεταγμένων
344 1250 398 1314 ἀεί
424 1253 464 1338 τῇ
481 1251 622 1339 θυγατρί
645 1261 806 1334 συνεῖναι,
843 1251 991 1319 οὶλοιποί
1010 1255 1214 1341 ἀνεχώρησαν

88 1347 178 1422 sois?
197 1347 304 1413 οἴκου.
344 1348 422 1431 μετὰ
443 1352 478 1416 δὲ
503 1349 619 1438 χρόνον
642 1346 697 1418 ούκ
724 1353 829 1436 ὀλίγον
862 1350 893 1418 οἱ
918 1352 1006 1438 παρά
1041 1353 1242 1440 Ἀκαρνάσια,
1252 1381 1282 1440 (χ
1291 1387 1357 1446 1338

124 1445 171 1531 μὴ
196 1445 383 1530 βουλόμενοι
404 1447 564 1514 δουλεύειν
582 1455 716 1532 βασιλεῖ,
742 1444 823 1515 ἀλλά
842 1454 898 1517 καί
913 1448 987 1528 τούς
1008 1442 1122 1527 ἀλλους
1136 1451 1212 1538 πρύ-

124 1568 218 1632 ττρον
235 1548 428 1632 ἔξορμαῖντες
446 1546 527 1634 πρὸς
538 1546 592 1614 τὸν
609 1546 753 1631 πόλεμον,
767 1552 879 1637 καιρὸν
896 1543 1020 1624 ἑαυτοῖς
1039 1547 1117 1636 πρὸς
1133 1575 1210 1616 νεω-

123 1643 276 1728 τερισμὸν
301 1642 383 1710 εἶναι
408 1645 468 1731 την
496 1651 651 1728 βασιλέως
677 1641 855 1734 ἀποδημίαν
874 1651 1029 1732 οἰηθέντες
1062 1653 1118 1714 καί
1141 1647 1210 1716 ἐτί-

124 1766 203 1830 ρους
216 1743 526 1830 προσεταιρισάμενοι
541 1745 692 1830 πολλούς,
720 1739 841 1832 Ἀρταν
860 1749 935 1830 μὲν,
967 1745 989 1832 ἢ
1009 1749 1064 1832 τῆς
1085 1748 1209 1834 Ἀκαρ-

85 1845 237 1920 ιόνανίας
253 1841 296 1918 οἷς
314 1842 401 1929 παρά
426 1841 598 1931 κεφάλαιον
613 1848 677 1912 τοῖν
689 1841 809 1912 πόλεών
825 1847 906 1928 ἐστι,
930 1842 1086 1923 Νικόλαος
1105 1845 1122 1912 ὅ
1138 1851 1208 1912 Βα-

122 1940 261 2026 σιλίτζης
282 1944 443 2025 κατέσχεν,
465 1938 532 2025 ἀμα
551 1947 723 2031 Καβασιλρ
741 1943 921 2030 ἀποστήσας
946 1949 1117 2029 βασιλέως,
1151 1945 1243 2020 salv.
1255 1968 1307 2038 ,ηρ

121 2037 177 2107 τὸν
197 2039 460 2127 πρωτοστράτορα
492 2037 607 2108 aristide
637 2043 835 2128 διατρίβοντα
866 2047 912 2119 είς
936 2045 1149 2130 δεσμωτήριον
1171 2037 1209 2132 ἦ·
1242 2076 1246 2085 ·

121 2161 217 2224 γαγον
246 2138 307 2204 ἀπὸ
343 2141 485 2228 φρουρᾷ·
523 2139 670 2218 Ἀλίξιος
703 2143 739 2207 δὲ
770 2145 960 2225 Καβασιλας
990 2141 1048 2226 τὴν
1080 2140 1208 2227 Ῥωγιύ.

120 2235 354 2326 τεσσαράκοντα
383 2239 419 2303 δὲ
437 2241 493 2324 τῆς
516 2232 614 2324 αύτῆς
636 2243 835 2322 συνωμοσίας
858 2242 959 2327 ἕτεροι
992 2239 1027 2305 τὸ
1055 2241 1208 2323 Θωμύκα.

80 2361 219 2424 ῃοοτρον
246 2335 475 2418 ἀνομαζύμενον
510 2335 664 2421 παράλιον
700 2333 737 2405 ἀν
766 2336 844 2405 κατὰ
871 2337 927 2427 τη“ν
957 2341 1124 2407 θάλασσαν
1151 2342 1210 2428 την

120 2436 203 2524 πρὸς
225 2430 382 2522 Ἀδρίαν,
428 2440 491 2502 τάν
512 2429 616 2503 ἀλλων
640 2435 787 2504 ἀπάντων
811 2439 871 2504 ου’νι
894 2437 1094 2506 ἀποστάντων
1117 2445 1305 2524 βασι-τρια

120 2539 219 2620 λέως,
255 2535 336 2602 ἀλλά
358 2533 416 2620 τὴν
439 2529 565 2602 εὔνοιαν
599 2537 803 2617 ἀκμάζουσαν
830 2536 1024 2622 τηρούντων.
1064 2531 1147 2622 ἦσαν
1173 2542 1209 2606 δὲ

122 2631 181 2702 osis
203 2634 307 2720 siis'yos
329 2633 453 2716 πόλεις,
480 2635 564 2717 τάμε
584 2633 821 2716 Μεσοπόταμον
840 2633 1085 2715 ὀνομαζόμενον,
1115 2639 1170 2700 καί
1190 2633 1208 2698 ὅ

122 2733 261 2812 Σοποτύς
288 2734 343 2798 καί
373 2728 393 2818 ἢ
423 2729 616 2820 Χειμάῤῥα·
655 2730 734 2818 πρὸς
752 2731 873 2810 τούτοις
891 2755 925 2796 τε
946 2730 982 2796 τύ
1005 2726 1208 2820 Ἀρχυρόκα-

188 2881 235 2952 δι6.
254 2875 417 2948 Καβιίσιλας
438 2884 467 2930 et
487 2896 525 2948 ¹9·
546 2882 723 2950 συνομοσίας
741 2877 894 2950 legebatur.

120 3000 275 3054 Gomoenes
302 3001 448 3122 expellatis
475 3016 531 3054 non
549 3001 647 3072 procul
665 3000 699 3052 sb
719 2999 786 3052 urbe
821 3013 906 3066 prope
936 2999 1058 3052 Tunsam
1092 2999 1208 3057 durium

121 3069 286 3124 obibantur:
333 3071 466 3142 isbusque
490 3081 587 3124 octos
613 3071 715 3122 Moesis
747 3079 776 3123 et
794 3070 920 3122 Romanis
946 3070 976 3120 in
993 3069 1037 3122 his
1055 3073 1136 3123 sacris
1155 3089 1208 3125 nu-

119 3137 257 3211 ptialibus
276 3145 461 3210 consumptis,
478 3141 525 3194 die
542 3157 615 3194 nono
635 3141 788 3194 Alexander
818 3156 865 3191 res
883 3147 912 3191 et
929 3139 1015 3192 Moesi
1036 3141 1208 3209 imperatoris

118 3211 222 3274 liliam,
247 3227 276 3263 re
295 3211 368 3263 inam
394 3229 471 3264 suam
489 3212 603 3264 Mariam
621 3228 636 3263 e
654 3221 734 3282 gente
758 3211 976 3278 Palaeologorurn
994 3221 1160 3266 assumentes
1179 3217 1208 3268 in

119 3281 251 3335 Moesiam
267 3227 426 3346 aitarens,
441 3283 536 3336 multis
555 3299 614 3336 eam
633 3299 667 3334 ex
685 3284 804 3335 Romana
829 3281 976 3333 nobilitate
994 3299 1081 3354 usque
1107 3284 1209 3338 Trino-

119 3351 186 3405 burn
198 3354 445 3422 prosequentibus:
464 3353 514 3406 nbi
543 3353 748 3406 remanentibus
769 3368 837 3422 quos
855 3352 881 3402 ei
897 3359 976 3418 pater
995 3363 1142 3423 perpetuos
1159 3356 1210 3408 bo-

119 3424 243 3476 norarios
262 3423 434 3487 attribuerat,
454 3426 539 3477 oeteri
555 3431 733 3476 reverterunt.
789 3421 877 3474 Multo
895 3430 958 3492 post
975 3423 1005 3476 id
1023 3432 1141 3495 tompus,
1161 3429 1209 3499 qui

119 3511 150 3546 se
169 3491 243 3563 apud
262 3495 413 3548 Acarnanas
434 3495 596 3566 imperatori
616 3493 748 3546 nolebant
768 3491 903 3544 subiicere
923 3501 951 3544 et
974 3503 1078 3548 ceteros
1098 3513 1208 3567 quoque

120 3563 156 3617 ad
175 3580 249 3616 orme
267 3563 464 3628 stimulabant,
490 3567 548 3618 eius
568 3564 721 3616 absentiam
740 3561 776 3614 od
800 3579 843 3615 res
869 3564 1005 3618 novandus
1030 3576 1211 3634 opportunam

119 3640 289 3696 statuentes,
316 3637 468 3705 complures
498 3638 527 3687 in
554 3635 712 3688 sodalitium
743 3649 821 3686 suum
849 3633 1030 3702 pellexerunt
1068 3637 1102 3688 Et
1119 3639 1210 3689 Artam

119 3705 233 3776 quidem
253 3705 362 3756 orbium
382 3707 551 3758 Acarnaniae
570 3705 645 3758 velut
665 3712 767 3771 eaput,
786 3703 917 3755 Nioolous
943 3707 1081 3757 Basilitaes
1109 3715 1138 3757 et
1155 3709 1210 3761 Ca·
1325 3721 1332 3744 t

118 3775 219 3828 basilus
238 3791 254 3826 a
272 3775 327 3826 lide
353 3777 522 3846 imperatoris
541 3792 661 3828 aversam
686 3781 890 3842 occupaverunt
924 3791 955 3827 so
986 3783 1210 3843 protostratorom

120 3847 181 3898 illio
200 3846 233 3898 de
252 3853 344 3897 entem
366 3848 395 3896 iu
413 3864 566 3907 carcerem,
583 3843 717 3898 adhibitis
736 3843 910 3908 custodibus,
926 3854 1126 3914 compegerunt.
1145 3849 1211 3902 lta·

119 3918 181 3970 xius
203 3863 341 3968 esissitas
361 3915 482 3984 libognm
502 3915 663 3969 vendicavit.
699 3913 887 3986 Quadraginta
905 3931 984 3984 porro
1004 3913 1124 3968 eiusdem
1145 3935 1212 3972 oon.

117 3987 265 4040 iurationis
285 3987 419 4038 satellites
445 3997 474 4040 et
491 3986 643 4040 administri
665 3985 892 4038 Tbomooastrunr
909 3984 947 4056 ¹ad
965 4001 1037 4036 mare
1051 3985 1209 4043 Adrionum:

118 4073 181 4111 cum
200 4057 307 4108 nullum
326 4067 467 4126 praetereo
485 4057 616 4128 oppidum
637 4057 781 4120 deficeret,
804 4054 852 4110 sed
871 4057 974 4107 recenti
995 4071 1100 4125 sempor
1118 4060 1209 4113 studio

118 4127 370 4193 benevolentiaque
394 4143 455 4196 erga
480 4130 670 4199 imperatorem
694 4127 811 4185 floreret.
863 4125 1002 4197 Erantquo
1030 4127 1132 4195 oppida
1161 4133 1210 4182 illa

119 4215 178 4274 non
194 4213 282 4270 pausa
297 4213 380 4264 sane,
398 4197 630 4270 Mesopotsmum,
646 4199 782 4271 δοροῖσι,
802 4193 959 4260 chimarra,
976 4197 1206 4268 llrgprnoestronu
