2918 4846
427 331 712 420 muceranus
742 347 784 417 u.
805 347 857 416 ει.
1104 311 1189 428 493

106 513 267 598 γενήσεται
286 502 381 593 cibis,
412 497 451 576 όν
470 507 626 592 πειθησθε
646 501 728 588 όμυό.
767 501 872 572 coitu
892 497 928 562 dd
948 487 1032 575 δμῖν
1051 483 1073 578 ἢ
1093 493 1332 580 oppa-Adam

105 599 163 702 ρον
181 609 328 697 πράττειν
356 604 377 694 ή
396 609 442 684 εἷς
461 605 518 692 τήν
539 602 709 690 ὑστεραίαν
729 603 867 684 ἐξέσται.
906 589 963 662 ἐόν
989 587 1055 676 γὰρ
1077 592 1134 657 οὖν
1154 593 1193 658 δ-

107 720 240 798 ναγκοϊα
260 710 453 794 λογιζόμενοι
471 706 673 794 όπέρθησθε,
694 702 802 769 odsi-‘t'
824 695 939 780 ὅμοίως
958 687 1113 776 &detinere
1131 698 1193 776 βα-

106 811 196 877 σιλέα
227 807 337 897 ῥᾴδιον
364 803 442 895 πρὸς
469 802 526 882 τὰς
553 801 759 886 καταλλαγάς.
810 795 871 866 ἐὰν
895 789 956 884 peip
978 785 1021 854 τᾶ
1040 787 1192 877 χρήματα

86 908 241 996 ὅδιαδυθῇ
261 915 325 984 τοῖς
341 907 515 992 τριηρίταις
535 905 675 978 καὶτοῖς
696 891 803 977 ἄλλοις
822 883 1045 986 μισθοφόροις,
1065 888 1100 954 οἳ
1113 895 1218 973 μέλ-Β

106 1018 196 1076 λσυσι
225 1007 282 1072 rori
305 993 461 1089 χειμῶνος
480 1003 567 1086 ipae
585 1007 760 1088 πολιορκεῖν
767 1049 777 1081 ,
807 993 829 1064 d
855 996 927 1066 ouri
951 986 1107 1081 doctioris
1129 993 1190 1074 pir

105 1107 249 1174 ἐκέλευσε
277 1102 456 1170 διαδιδόναι
481 1111 546 1178 τοῖς
573 1098 719 1182 ταμίαις,
751 1097 813 1181 ἐγώ
836 1099 873 1164 δὲ
893 1095 1038 1166 ἐκώλυσα
1058 1089 1192 1164 τουτωνὶ

106 1205 168 1269 τῶν
188 1201 289 1287 λόγων
308 1203 412 1286 ἕνεκα,
434 1202 560 1268 δέδοικα
582 1197 626 1284 μή
648 1191 919 1285 υόπροσδδξηται
940 1193 1000 1279 τήν
1021 1189 1190 1282 πρεσβείαν

105 1297 184 1384 μετὰ
205 1303 317 1383 ταότα,
337 1297 534 1384 λυγιζόμενος
551 1291 655 1384 ὥσπερ
669 1291 762 1379 εἰκός,
783 1294 828 1374 σός
847 1291 1087 1382 παραστήσεται
1104 1293 1189 1376 ὑμεῖς

68 1404 140 1472 roda
159 1397 367 1484 ἀνδραπόδων
385 1397 493 1488 μοι’ρρ,
513 1391 607 1486 δι’χρις
628 1389 704 1500 όνβ
722 1393 838 1482 χρόνος
857 1397 913 1480 τῆς
931 1387 1213 1480 μισθοφορόςό-.

104 1503 254 1588 νυλονθῇ,
274 1499 331 1564 καί
354 1497 395 1563 τοὶ
415 1497 565 1584 χρήματα
595 1491 792 1582 ἀπολήψεται
819 1491 897 1580 πρὸς
916 1502 979 1570 τοϊς
998 1495 1057 1558 νόν
1077 1492 1133 1558 καὶ
1149 1493 1190 1559 τὰ

104 1597 259 1686 πρότερον
280 1593 476 1680 οἷναλωμόνα.
517 1592 560 1676 σός
580 1589 636 1662 σόν
656 1595 833 1679 ἀναγκαίων
852 1591 926 1680 πέρι
952 1595 1103 1678 ἐσομένης
1131 1595 1189 1678 τής

105 1699 220 1781 βουλῆς
245 1697 299 1762 καί
324 1695 437 1784 τριβήν
455 1698 512 1763 rori
530 1694 648 1782 χρόνον
680 1688 736 1758 οὖν
767 1691 992 1774 ἐνδεχομένου,
1012 1689 1136 1774 ταχέως
1155 1713 1187 1758 τε

106 1789 198 1862 adeor*
214 1792 405 1878 βουλεύεσθε
424 1794 480 1863 καὶ
493 1791 623 1881 ήμῖντοὶ
636 1792 869 1878 βεβουλευμένα
887 1790 1028 1876 γνώριμα
1036 1791 1190 1856 ποιεῖτε”.

68 1899 249 1966 sirmeum
268 1897 328 1978 μὲν
349 1881 502 1973 Λατίνοις
533 1891 550 1959 ό
572 1898 670 1977 μέγας
691 1892 871 1975 δομόστικος
890 1887 1059 1956 όπετιθετο
1079 1897 1191 1958 ποιεῖν.

105 1993 255 2074 Ντζιαδν
275 1995 311 2058 di
331 1993 374 2072 ιδς
394 1985 509 2081 ήνουσε
529 1991 680 2078 περὶτοῦ
699 1991 908 2077 παρελθόντος
929 1987 1042 2074 ἠνιᾶτο
1060 1985 1220 2074 χρόνου,(;

104 2088 153 2160 ότι
170 2093 217 2178 μή
238 2091 392 2180 πρότερον
411 2094 540 2182 μεγάλην
552 2089 722 2181 δομεστιλιιρ
739 2094 927 2174 συνεγένετο·
947 2077 975 2175 ή
990 2086 1051 2174 γὰρ
1073 2081 1112 2154 όν
1129 2088 1191 2152 ad·

103 2192 157 2270 τός
176 2215 212 2258 τε
231 2195 354 2260 πολλῶν
375 2193 555 2280 ἀπήλλακτο
575 2192 677 2258 κακῶν
698 2192 836 2266 καὶτοῖς
857 2182 963 2266 ἄλλοις
983 2185 1084 2264 αἴτιος
1099 2189 1190 2252 κατέ-

104 2315 172 2377 στη.
212 2284 299 2372 ὅμως
324 2293 435 2374 μέντοι
467 2289 605 2380 ἔφασκε,
646 2291 687 2354 τὰ
724 2293 784 2374 μὲν
814 2290 1002 2374 γεγενημένα
1030 2285 1191 2354 όναλόσαι

63 2391 163 2462 aonia
189 2382 271 2456 εἶναι
299 2391 443 2458 δυνατόν.
496 2393 563 2458 δεῖν
592 2392 627 2456 δὲ
659 2387 785 2456 οἴεσθαι
819 2391 865 2464 εἰς
885 2384 1037 2454 Φώκαιαν
1055 2383 1192 2453 ἐλθόντα

105 2488 161 2554 καὶ
179 2497 243 2566 τοῖς
257 2481 364 2566 ἄλλοις
382 2491 479 2577 δήλην
495 2491 551 2578 τήν
564 2487 682 2576 βουλήν
695 2499 804 2571 ποιεῖν,
826 2485 881 2553 καὶ
899 2490 931 2564 ἐς
944 2484 1001 2573 τήν
1017 2484 1192 2569 όστεραόαν

105 2583 262 2672 ἐλθόντα,
289 2584 430 2655 όποῖσιν
450 2582 490 2655 δν
516 2593 604 2678 κοινῇ
634 2587 751 2668 δόξειεν
783 2588 1006 2672 ἀπαγγέλλειν.
1047 2585 1104 2649 καὶ
1122 2585 1193 2650 ε’πεί

105 2687 314 2775 ἐπετέτραπτο
324 2739 335 2772 ,
356 2689 401 2766 εἷς
431 2685 583 2755 Φιόιιαιαν
603 2682 903 2774 ἑλθών,.Ντεόρδιρ
923 2709 956 2750 τι
970 2681 1106 2760 καὶτοῖς
1126 2688 1192 2748 λαι-

180 2808 224 2866 α3.
258 2807 335 2860 Idem
349 2809 398 2879 qni
415 2823 497 2878 supra
515 2803 707 2876 Nrourdpdoe·
743 2805 847 2864 EM.

110 2907 216 2960 beilum
239 2927 286 2964 ros
311 2909 482 2974 mactaverit,
509 2925 540 2962 ae
564 2908 679 2960 forsitan
705 2905 887 2960 deterioribus
907 2903 1049 2960 mactabit:
1076 2911 1106 2958 et
1124 2912 1192 2976 quot

106 2979 226 3032 vicissim
243 2981 316 3034 bona
333 2979 410 3034 vobis
430 2997 482 3050 pax
500 2979 706 3052 suppeditatum
723 2979 774 3040 sit,
801 2979 824 3030 si
842 2994 886 3029 me
904 2975 1070 3029 audiveritis.
1109 2974 1193 3044 Quod

107 3057 200 3101 autem
217 3051 335 3114 suadeo,
353 3051 382 3103 id
399 3051 443 3102 vel
460 3049 561 3113 hodie,
584 3049 628 3101 ‘vel
651 3065 708 3101 cras
736 3048 848 3119 exsequi
872 3047 1006 3116 poteritis.
1042 3046 1149 3099 Etenim
1168 3045 1193 3096 si

106 3121 189 3204 quasi
206 3137 263 3174 non
283 3123 462 3174 necessarium
482 3121 661 3184 distuleritis,
679 3119 871 3188 imperatorem
889 3117 990 3170 deinde
1015 3116 1049 3169 ad
1067 3116 1192 3168 reconoi-

106 3191 253 3244 lrationem
270 3209 326 3244 non
344 3189 458 3261 perinde
476 3200 632 3261 promptum
651 3190 804 3242 invenietis.
848 3189 916 3240 Nam
941 3188 964 3240 si
986 3185 1124 3258 stipendia
1148 3203 1193 3238 re·

106 3261 227 3330 migibos
244 3262 347 3314 statiis
365 3263 549 3324 mercenariis,
567 3261 614 3334 qui
631 3277 679 3315 vos
698 3276 747 3330 per
763 3259 882 3312 hiemem
897 3257 1073 3319 obsidebunt,
1091 3273 1192 3310 nume-

107 3339 169 3384 rata
185 3333 304 3396 suerint,
322 3349 394 3404 quae
411 3333 466 3384 iam
493 3331 684 3405 quaestoribus
703 3331 862 3402 imperavit,
882 3347 931 3401 ego
947 3347 1011 3382 vero
1029 3337 1141 3400 propter
1158 3343 1191 3380 ea

107 3417 181 3472 qnae
208 3403 283 3469 dixi,
306 3419 342 3456 ne
371 3403 468 3456 darent
493 3401 642 3472 prohibui,
667 3403 753 3454 timeo
776 3419 812 3454 ne
829 3409 926 3470 postea
949 3399 1116 3470 legationem
1133 3413 1192 3450 non

106 3471 254 3538 admittat,
283 3473 354 3526 iilud
377 3491 468 3525 secum
494 3479 622 3542 reputans
641 3479 673 3524 ut
689 3479 731 3524 est
748 3471 890 3536 credebile,
907 3487 987 3540 posse
1003 3485 1050 3524 vos
1070 3469 1105 3522 ad
1123 3485 1191 3520 eon·
1282 3465 1286 3472 '

106 3541 243 3595 ditionem
261 3544 458 3614 mancipiorum
476 3543 608 3613 redigere,
627 3541 691 3594 dum
709 3549 814 3628 ternpus
833 3541 955 3599 merendi
974 3549 1069 3605 exeat,
1087 3547 1190 3592 etcum

105 3611 207 3676 modo,
228 3623 286 3666 tum
304 3615 369 3667 siias
388 3615 538 3684 impensam
557 3613 700 3684 pecuniam
719 3629 848 3682 recrpere.
883 3613 979 3684 Itaque
997 3621 1028 3665 ut
1045 3610 1080 3663 de
1096 3625 1191 3662 neces·

106 3683 189 3735 seriis
211 3683 410 3748 deliberaturi,
443 3691 472 3736 et
497 3691 619 3754 tempore
644 3699 730 3734 moras
749 3699 806 3736 non
827 3683 950 3745 ferente,
971 3701 1055 3756 ¹quam
1073 3681 1191 3748 primum

106 3753 257 3806 concilium
276 3755 428 3818 celebrate,
447 3761 475 3807 et
492 3754 572 3806 nobis
591 3752 660 3824 qnid
677 3753 827 3806 statueritis
845 3754 1033 3824 significatotc.
1069 3749 1115 3802 Sic
1131 3765 1191 3800 ma-

106 3839 178 3894 gnus
200 3823 363 3879 domesticus
383 3825 491 3878 Latinos
517 3825 667 3876 admonuit.
703 3824 818 3876 Ioannes
843 3831 898 3876 tam
923 3841 983 3876 sero
1006 3839 1034 3874 se
1060 3837 1120 3872 cnm
1141 3821 1191 3872 illo

104 3895 139 3946 in
159 3895 370 3949 collocutionem
391 3897 496 3948 vonisse
515 3895 619 3947 doluit:
638 3894 946 3964 multisenimprosecto
963 3893 1040 3944 malis
1058 3905 1149 3942 carere
1163 3899 1192 3944 ct

106 3965 174 4016 aliis
198 3967 309 4018 carendi
330 3973 468 4018 auctorem
498 3981 557 4018 csse
579 3964 709 4034 potuirse.
753 3965 945 4018 Verumtamen
970 3961 1117 4032 praeterita
1135 3977 1192 4013 non

106 4035 247 4090 revocari:
266 4043 392 4105 oportere
412 4042 502 4087 sutem
521 4052 551 4088 se
565 4033 698 4103 postridie
715 4037 746 4089 in
764 4035 860 4088 urbem
877 4049 1022 4094 reversum,
1040 4031 1101 4084 aliis
1119 4048 1193 4102 quo-

105 4119 165 4175 que
184 4103 237 4158 hoo
260 4105 382 4158 indicare
405 4105 551 4158 consilium
578 4112 606 4156 et
634 4105 757 4160 omnium
783 4106 931 4159 sententias
950 4103 1127 4155 communiter
1143 4117 1193 4153 cx-

104 4174 228 4246 qnirere.
265 4175 411 4230 dunueatc
429 4191 524 4246 magno
544 4175 711 4240 domestico,
737 4175 885 4232 Phocaeam
903 4189 1046 4244 regressus,
1064 4169 1192 4224 Odoardo

105 4252 138 4300 et
156 4245 254 4302 ceteris
272 4245 340 4318 quid
358 4248 381 4300 is
402 4245 556 4302 consuleret
574 4248 708 4319 aporuit
750 4245 834 4318 Quod
860 4261 919 4298 cnm
938 4250 966 4298 et
983 4243 1049 4316 ipsis
1067 4249 1098 4297 ut
1115 4243 1192 4314 opti·
