2946 4872
170 781 181 788 Π
372 676 1073 759 lacoulPouunul'

206 847 350 924 VITA
387 847 645 924 IOANNIS
680 842 1142 948 CANTACUZENI,

356 1054 362 1094 ,ι
429 1029 471 1072 EX
509 1031 680 1072 etusuuu
708 1032 909 1076 urseolus.

132 1293 292 1412 Ioannis,
312 1321 461 1396 Manuelis
481 1344 512 1396 et
525 1332 654 1396 aliomm
668 1333 958 1418 Cantaeuzenorum‚
978 1339 1159 1416 ntvlmmm
1173 1339 1211 1406 11.

130 1437 275 1500 lnstu'um
308 1444 339 1496 et
359 1433 584 1512 bellicosorum,
607 1435 746 1496 meminit
764 1435 893 1500 Nicetes.
934 1439 1019 1519 Quos
1042 1439 1092 1502 hie
1110 1452 1214 1504 nomer

128 1537 358 1598 Cantneuzenns
379 1535 412 1594 in
434 1533 598 1595 maioribus
620 1534 681 1596 suis
701 1533 801 1596 hebet.
843 1535 949 1618 ldem,
975 1539 1119 1601 loannem
1141 1541 1210 1602 Me-

127 1634 230 1698 nuelis
264 1633 454 1716 imperntmis
483 1644 626 1716 neptem,
663 1631 757 1694 alium
793 1635 938 1697 loannem
971 1636 1211 1702 Cantaeuzmum

134 1735 232 1796 lsaaci
265 1732 375 1815 Ansseli
404 1753 538 1794 sororem
568 1734 601 1794 in
628 1734 820 1794 matrimonio
847 1733 997 1798 habuisse.
1030 1737 1127 1800 Natus
1165 1749 1211 1802 est

125 1835 278 1917 Byzantii.
319 1833 442 1894 Patrem
472 1831 661 1896 nnatslibus
682 1832 817 1896 modeste
841 1834 995 1917 praedicat
1017 1833 1069 1905 lib,
1085 1835 1115 1896 ὅ.
1142 1855 1211 1896 cum
1337 1864 1339 1870 v

125 1933 221 2012 dicit,
253 1927 293 1992 ml
321 1925 383 2016 γὰρ
411 1931 475 1996 τῶν
502 1931 623 1994 πολλῶν
651 1921 718 2012 εἷς,
747 1953 811 1998 nen
836 1945 1048 2006 craterense
1082 1933 1210 2008 multis,

123 2053 182 2096 eeu
214 2030 379 2112 uulgaris:
415 2043 447 2094 et
480 2029 602 2094 alicubi.
626 2044 754 2094 manem
781 2053 873 2094 suam
898 2032 1072 2116 Syrgiannis
1103 2031 1210 2115 'appel-

125 2133 170 2196 lat
188 2131 303 2212 θείαν,
322 2143 545 2207 materteram,
565 2152 621 2194 eeu
647 2133 797 2206 amitam,
815 2153 870 2194 seu
899 2131 1024 2194 &mum
1048 2147 1211 2220 cognatam

124 2253 216 2300 suam
232 2232 374 2314 (liberius
389 2236 469 2296 enim
483 2233 540 2294 hac
555 2253 629 2296 voce
642 2235 751 2313 utitur,
764 2243 800 2292 ut
813 2231 1020 2314 docebimin);
1035 2254 1126 2314 marn
1140 2235 1208 2316 qui-

124 2331 197 2394 dem
217 2331 360 2394 sesninam
374 2355 410 2395 ex
423 2332 502 2394 libro
514 2335 627 2415 pn'mo,
649 2332 732 2396 haud
752 2331 839 2414 longe
860 2331 899 2392 ab
922 2333 1024 2410 initio,
1043 2333 1118 2392 seire
1139 2331 1209 2410 lieet

125 2431 167 2491 ad
188 2431 386 2514 imperatores
402 2455 496 2516 genus
517 2431 665 2494 retulisse.
718 2432 801 2493 Puer
822 2431 921 2494 adhue
944 2442 1062 2514 patrem
1085 2433 1205 2494 amisit:

125 2533 180 2611 qui
202 2553 283 2594 anno
304 2535 410 2594 aetatis
432 2535 532 2614 primo
558 2553 650 2614 supra
672 2533 869 2610 vicesimum,
896 2529 1103 2614 praefecturae
1135 2551 1208 2592 suae

127 2627 398 2712 Peloponnesiacae
419 2644 539 2714 octavo,
568 2634 602 2693 in
624 2633 728 2716 eadem
750 2629 909 2714 peninsula
931 2631 1066 2696 decessit.
1109 2631 1208 2690 Mater

131 2726 215 2788 diota
235 2741 278 2792 est
296 2731 478 2796 Theodora:
509 2733 596 2794 euius
615 2731 783 2794 avunculus
803 2751 950 2814 magnus,
974 2729 1007 2790 id
1027 2739 1093 2812 est,
1122 2729 1208 2791 aviae

132 2831 405 2911 mantuanam,
436 2831 567 2894 Micheel
588 2835 703 2914 primns
717 2829 1104 2912 Palaeologusimperator.
1144 2827 1206 2885 lta-

128 2948 191 3010 que
210 2929 311 2992 eadem
342 2931 500 3004 Michaelis
528 2951 637 3009 soror,
674 2941 704 2990 et
729 2928 929 2988 Cantncuzeni
948 2927 1085 3006 proavia.
1134 2921 1208 2984 Fuit

10 3068 14 3089 t
129 3025 287 3092 Theodora
307 3030 417 3092 mulier
439 3029 617 3114 prudentiae
635 3028 778 3105 maioris,
800 3045 892 3108 quam
913 3045 971 3106 pro
994 3033 1084 3106 captu
1107 3043 1206 3102 sexus,

131 3135 164 3184 et
186 3131 347 3192 unedoni
362 3152 465 3192 rernm
480 3131 619 3214 gravium
648 3139 740 3210 atque
759 3144 936 3209 magnarum
959 3122 1088 3206 idonea,
1113 3143 1206 3206 quam

132 3223 275 3307 Grffloras
293 3240 375 3304 reete
395 3229 443 3291 his
464 3229 566 3291 verbis
589 3227 751 3288 celebravit
772 3225 828 3286 lib.
849 3247 897 3286 11.
943 3223 1045 3306 Quane
1063 3221 1205 3283 assestri·

131 3341 200 3384 cem
221 3330 343 3409 coniugi
373 3329 547 3413 imperator
573 3327 766 3410 reliquerat,
802 3324 961 3409 senatoria
982 3332 1147 3394 matrona,
1175 3329 1205 3382 et

134 3423 276 3499 gravitate
293 3447 416 3490 morum
437 3427 626 3510 conspicua,
658 3437 689 3487 et
706 3423 861 3504 singulari
879 3419 1052 3506 prudentia
1078 3430 1206 3488 ornata,

136 3521 218 3583 acia
238 3527 328 3588 rebus
352 3526 457 3590 dubiis
476 3526 637 3610 praesenti
653 3523 786 3588 oonsilio
813 3523 976 3582 instructa.
1027 3519 1103 3579 Eius
1125 3516 1204 3576 indi·
1230 3584 1231 3589 η

135 3619 269 3698 guissima
290 3627 408 3688 vexatio
428 3636 552 3707 propter
574 3623 690 3700 lilium,
724 3633 754 3682 et
776 3642 858 3682 mors
880 3617 1083 3702 lacrymabilis
1104 3615 1158 3676 lib.
1171 3615 1203 3676 5.

135 3735 200 3798 cup.
215 3742 263 3783 aa.
280 3723 331 3786 26.
349 3724 401 3786 36.
425 3727 594 3808 exponitur.
650 3721 813 3804 Nicephori
834 3720 1054 3796 Cantaeuzeui,
1084 3727 1115 3776 et
1136 3717 1204 3775 Ma-

136 3817 227 3880 nuelis
247 3822 487 3904 Tasnhaniotae‚
515 3821 599 3885 illius
616 3821 782 3906 patruelis,
816 3819 907 3881 huius
928 3817 1121 3894 cosnobriui,
1152 3825 1206 3876 eut

136 3933 173 3974 ΘΧ
193 3937 287 3983 sorore
306 3927 425 4006 nepotis
442 3924 497 3986 lib.
514 3944 545 3984 2.
562 3945 629 4006 eap.
646 3919 676 3988 8.
690 3921 838 3982 meminit.
888 3919 1032 3980 loannem
1052 3913 1204 3998 Angelum

137 4005 314 4102 ἕξόὸεὶφον,
344 4033 374 4084 et
396 4011 527 4100 ἇνεψιόν
547 4019 683 4082 similiter
704 4018 856 4102 appellat,
884 4030 916 4080 et
936 4037 971 4079 ex
986 4015 1089 4078 eedem
1104 4011 1205 4076 radice

139 4111 276 4192 pmdiieee
288 4122 400 4186 scribit
450 4123 564 4184 ltlentio
580 4130 680 4184 autem
693 4121 804 4184 sororis
819 4129 863 4182 est
877 4115 929 4182 lib.
944 4117 973 4184 3.
987 4137 1054 4199 cap.
1070 4109 1121 4176 26.
