3018 4860
454 287 736 392 urs'ionunuu
768 331 792 392 1.
821 329 872 398 τε.
1135 304 1234 414 269,

145 481 295 567 πράττειν
313 473 479 564 προείρητο
498 479 577 566 μήτε
603 473 710 556 όπλοις
730 477 806 564 μήτε
836 475 942 557 ἵπποις
969 485 1129 569 χρῆσθαι,
1160 479 1297 548 ἀλλ’λῦ.
1311 491 1375 546 ι3υ8

144 574 270 664 ἢοῖκοι
287 575 478 662 διατρίβειν,
511 571 533 662 ή
563 581 640 665 πεζή
670 577 725 644 καί
743 573 845 644 ὅπλων
867 582 1009 662 προϊέναι
1028 584 1140 668 χωρίς.
1160 583 1233 648 τότε

146 681 185 746 δὲ
215 703 269 744 και
296 676 408 757 edroi,
430 678 501 742 ἐπεί
525 676 723 760 πανταχόθεν
752 675 792 742 τά
821 677 976 758 βασιλέως
998 681 1229 767 διεθρυλλεῖτο,

146 773 283 846 ἐπὶτῶν
301 776 415 858 τειχῶν
438 771 609 861 τήςαότής
630 773 728 860 πόλης
748 774 936 852 ἀνελθόντες
957 769 1086 842 ἄνοπλοι
1107 776 1163 862 τήν
1183 778 1234 844 ἔκ-

124 875 243 959 6βασιν
269 877 450 962 περιέμενον
480 877 546 948 τῶν,
578 877 778 962 πραγμάτων.
833 871 849 938 δ
877 876 983 955 μέντοι
1007 881 1234 962 μητροπολάης

147 975 220 1044 duel
248 971 339 1059 ἀγμός
367 975 486 1057 ἐγένετο
516 977 696 1060 Χορταίτου
708 1024 718 1054 ,
751 975 987 1059 ἀπροσδοκήτως
1016 973 1156 1058 έντυχῶν
1189 979 1235 1064 τῷ
1333 976 1338 986 ’

147 1076 208 1165 νέτρ
237 1077 378 1156 βασιλεῖ,
412 1071 616 1157 ἑξεττέπληκτό
643 1095 676 1137 τε
696 1070 752 1138 καί
775 1075 832 1156 τῆς
853 1066 995 1158 ἀφίξεως
1016 1077 1233 1162 κατεμέμφετο

147 1175 206 1262 τήν
233 1171 393 1257 ἀκαιρίαν.
422 1169 707 1258 προσαγορεύοντος
735 1174 770 1236 δέ
804 1166 896 1238 αι’ντόν
926 1177 1083 1254 βασιλέως
1094 1225 1105 1256 ,
1136 1171 1235 1250 αάτός

147 1273 229 1360 πρός
249 1267 302 1336 τὸν
322 1273 357 1335 έκ
377 1273 436 1335 τοῦ
456 1269 782 1356 αἰφνιδιλιυμινδυνον
801 1271 1011 1358 θορυβηθεὶς,
1043 1273 1125 1357 μηδὲ
1145 1265 1233 1338 ἀντι-

114 1365 350 1458 ιοπροσειπῶν,
378 1361 510 1455 ήλαυνεν
535 1369 579 1446 ῶς
608 1365 674 1453 είχε
702 1368 818 1454 τάχους
848 1367 926 1455 πρὸς
955 1367 1011 1454 τήν
1038 1371 1146 1454 πόλιν,
1174 1370 1232 1456 τήν

150 1466 264 1555 ἔφοδον
293 1466 442 1551 μηνόσοον
471 1471 634 1551 βασιλέως.
671 1471 771 1534 εἵπετο
800 1471 834 1533 δ’
855 1464 938 1556 αὐτῷ
964 1467 1055 1533 aeid
1076 1467 1319 1552 βασιλεόςΡ.λῡῡ

106 1554 121 1576 ⁸
149 1567 380 1654 συντονώτερον
411 1566 560 1650 βαδίζων.
612 1564 642 1632 οἱ
675 1569 711 1632 δέ
749 1566 789 1632 τά
824 1568 926 1634 adteri
958 1565 1146 1654 aquinense
1167 1579 1231 1646 τοῖς

146 1667 283 1750 τείχεσιν
301 1669 493 1753 ἀφεστῶτες,
519 1664 590 1732 ἐπεί
611 1661 673 1732 ἀπὸ
689 1668 751 1732 τῶν
775 1669 921 1751 σημαιῶν
939 1663 1077 1750 ἔγνωσαν
1094 1671 1326 1750 suscitaturus

147 1763 389 1852 προσελαόνειν,
405 1765 684 1851 ἀναθαρσήσαντες
701 1766 896 1831 ἐπιτίθενται
922 1775 989 1841 τοῖς
1010 1765 1071 1844 ἔξω
1088 1769 1154 1832 τῶν
1173 1793 1234 1831 πυ-
1378 1762 1387 1778 ’

113 1867 234 1946 ibicis,
258 1861 360 1938 λίθοις
378 1861 544 1945 βάλλοντες
563 1858 623 1928 ἀπό
653 1866 716 1929 τῶν
742 1864 875 1947 τειχῶν·
904 1860 933 1929 oi
957 1865 1014 1946 di,
1042 1867 1104 1930 τῶν
1123 1888 1158 1928 τε
1177 1889 1234 1930 πο-

148 1965 266 2044 λεμίων
280 1957 396 2039 ἔξωθεν
410 1960 579 2044 ἀπιόντων,
600 1965 663 2028 τῶν
682 1987 716 2028 τε
743 1961 870 2028 ἔνδοθεν
892 1964 1036 2050 φανερῶς
1056 1966 1234 2047 ἐκπολεμω-

150 2063 287 2141 θέντων,
302 2053 360 2122 οόκ
374 2057 498 2142 ἔχοντες
519 2055 580 2143 ό,τι
600 2059 801 2147 χρήσωνται,
822 2059 910 2128 ἔνδον
925 2066 985 2145 μὲν
1004 2053 1152 2146 εἰσῆλθον
1170 2065 1234 2128 τῶν

149 2163 261 2243 τειχῶν
281 2156 337 2223 καί
355 2151 542 2236 ἀπέκλεισαν
571 2157 628 2236 τάς
647 2159 766 2238 πάλας·
780 2158 827 2246 μή
852 2163 1020 2244 δυνάμενοι
1043 2163 1078 2227 δέ
1095 2162 1234 2244 ἀντέχειν

149 2257 230 2345 πρὸς
249 2259 325 2334 τοός
348 2255 519 2342 βάλλοντας
541 2253 602 2325 ἀπὸ
625 2261 683 2326 τοῦ
711 2259 852 2343 τειχους,
869 2261 1047 2346 έτράπησαν
1063 2261 1108 2337 εἰς
1129 2259 1234 2348 φυγήν

110 2357 207 2426 auxus*
219 2354 276 2441 τήν
294 2356 461 2442 ἀκρόπολιν4
483 2360 631 2441 κατέσχον
647 2357 792 2436 ἐλθόντες
811 2359 854 2436 ῶς
872 2359 1086 2442 ἀμυνούμενοι
1104 2361 1233 2425 ἐκεῖθεν.

149 2451 233 2541 ἦρχε
254 2457 289 2519 δὲ
311 2453 412 2539 αάτής
439 2453 578 2535 Λυζικός
602 2459 633 2521 Γ
630 2457 758 2542 εῶρμιος
791 2461 826 2524 εἰι
857 2457 1021 2544 Βερροίας,
1063 2458 1093 2523 οἱ
1117 2461 1152 2524 δὲ
1172 2449 1260 2522 eludit

150 2557 210 2620 cosi
237 2554 361 2637 τείχους
385 2551 585 2630 κατελθόντες
613 2559 669 2622 καί
697 2555 755 2631 τάς
773 2555 875 2633 πάλας
895 2557 1072 2635 ἀνοίξαντες
1078 2559 1234 2640 ,εἰσεδέ-

151 2655 244 2730 ξαντα
262 2653 404 2734 βασιλέα.
433 2644 501 2734 όμα
525 2656 560 2719 δὲ
583 2652 673 2738 καίή
689 2653 777 2730 πόλις
793 2659 879 2720 πᾶσα
895 2657 1097 2740 προσετίθετο
1112 2657 1156 2742 τῷ
1173 2658 1232 2743 νέῳ
1267 2655 1268 2662 '

154 2755 298 2832 βασιλεῖ’,
321 2749 377 2815 καί
399 2744 575 2836 ήσπόζοντο
593 2750 738 2828 ἐλθόντες
760 2752 925 2836 πανδημεί.
951 2750 1098 2836 βασιλεὺς
1126 2755 1162 2816 δὲ
1186 2751 1231 2837 μή

116 2841 220 2920 τὸἀπό
243 2849 354 2936 Φερῶν
371 2851 416 2925 εἰς
443 2847 502 2936 τήν
526 2848 695 2938 ἀκρόπολιν
724 2847 904 2938 στράτευμα
931 2847 1024 2916 ἐλθόν
1052 2849 1232 2916 δυσάλωτον
1268 2879 1270 2883 ·

154 3009 230 3064 erat,
255 3004 440 3065 ueterrimis,
464 3021 532 3058 neve
550 3005 627 3076 equis
653 3011 811 3066 uterentur,
834 3003 948 3056 sedant
968 3003 1038 3054 intra
1062 3003 1178 3071 parietes
1204 3020 1233 3056 se

153 3076 342 3137 continerent,
386 3084 434 3126 aut
451 3077 509 3128 sine
527 3076 606 3146 equis
628 3091 659 3126 ne
678 3077 737 3128 sine
758 3075 837 3126 armis
873 3075 902 3126 in
927 3072 1066 3143 publicum
1085 3073 1232 3142 prodirent.

134 3169 137 3176 ·
154 3145 214 3214 Qui
233 3152 262 3194 et
280 3145 348 3212 ipsi,
368 3144 590 3215 quandoquidem
608 3144 737 3198 adventus
757 3145 925 3214 imperatoris
953 3146 1074 3195 omnium
1100 3147 1233 3196 sermoni-

154 3213 435 3275 busscelebrebatur,
452 3217 535 3268 muris
552 3225 647 3286 portae
667 3217 720 3268 iarn
738 3216 826 3267 dictae
844 3215 1006 3274 conscensis,
1025 3231 1112 3266 rerum
1131 3216 1233 3266 caittsm

153 3287 271 3337 inermes
297 3284 497 3352 exspectabant„
532 3287 707 3356 blctropolita
735 3294 765 3338 ut
783 3285 927 3338 Chortaeto
952 3285 1160 3356 propinquavit,
1180 3287 1233 3336 im-

153 3354 263 3423 proviso
283 3355 311 3405 in
331 3356 519 3423 imperatorem
535 3356 670 3420 incidens,
689 3356 832 3424 obstupuit
849 3365 877 3408 et
901 3357 1118 3424 intempestivam
1141 3356 1234 3426 profc-

154 3426 275 3476 ctionem
303 3441 378 3475 suam
397 3421 537 3478 incusavit.
579 3427 716 3480 Salutatus
740 3426 774 3478 ab
802 3427 983 3494 imperatore,
1013 3427 1071 3494 ipse
1089 3427 1232 3495 repentino

153 3494 278 3565 periculd
298 3496 441 3548 exterritus
470 3496 597 3568 nihilque
620 3495 801 3566 respondens,
825 3511 906 3566 quam
931 3495 1056 3548 celeriter
1081 3497 1181 3565 potuit,
1204 3513 1233 3548 se

154 3565 311 3634 proripuit.
341 3566 399 3616 elus
420 3565 454 3618 ad
471 3565 566 3619 urbem
591 3583 725 3619 accessum
751 3565 932 3618 nuntiaturus.
974 3565 1143 3635 Sequebatur
1165 3585 1234 3618 con-

156 3636 276 3686 tentioso
295 3651 385 3704 gressu
403 3637 563 3705 imperator:
595 3639 672 3688 cuius
696 3637 816 3688 fautores
840 3636 870 3686 in
893 3637 976 3687 muris
1001 3645 1137 3698 astantes,
1154 3643 1235 3706 post7

155 3721 236 3776 quarn
255 3721 270 3756 e
288 3705 395 3757 vexillis
423 3708 512 3775 ipsum
538 3706 697 3779 adequitare
724 3704 893 3768 didicerunt,
918 3711 1023 3775 sumpta
1051 3705 1233 3766 audacia,·in

102 3811 104 3814 -
155 3791 214 3837 eos,
233 3777 281 3844 qui
299 3783 374 3826 entra
392 3783 498 3844 portam
515 3773 802 3846 erant‚lapidationem
820 3774 966 3828 faciebant
985 3775 1007 3826 li
1024 3775 1147 3828 hostibus
1165 3775 1253 3826 foris,

156 3845 356 3916 ingruentibus,
375 3853 404 3898 et
422 3848 469 3916 qui
489 3847 562 3899 intus
581 3855 659 3898 erant
675 3854 767 3917 aperte
782 3845 898 3907 infestis,
915 3846 1066 3898 nescientes
1087 3845 1154 3915 quid
1172 3861 1236 3914 age·

156 3923 236 4000 pent,
255 3915 327 4000 intro
345 3932 373 3966 se
387 3917 545 4000 rccipiunt,
560 3925 662 4040 'portas
676 3913 834 3999 occludunt.
860 3916 904 3968 'Et
929 3919 994 4002 quia
1022 3913 1056 3966 de
1077 3931 1153 3969 muro
1171 3931 1235 3998 para

156 3985 323 4037 merentibus
343 3993 466 4038 resistere
484 4003 567 4056 nequi
588 3995 649 4050 ant,
675 4003 702 4036 rn
721 3985 967 4055 dignoscamur,
993 4001 1098 4050 arcem,
1121 3993 1153 4037 ut
1170 3985 1234 4037 mdc

156 4072 186 4108 se
204 4055 363 4118 defensuri,
391 4063 532 4124 occupant.
568 4055 630 4110 llrci
654 4055 786 4125 Georgius
808 4055 920 4122 Lyalcus
945 4062 1074 4124 praeerat.
1120 4055 1177 4126 Qui
1204 4055 1234 4106 in

157 4125 303 4181 moenibus
325 4125 433 4177 stabant
458 4125 639 4192 descendere,
665 4135 756 4196 portas
774 4125 931 4199 recludere,
959 4125 1147 4194 imperatorem
1164 4125 1236 4176 reci-

157 4209 240 4264 pere,
261 4203 289 4248 et
308 4195 373 4248 urbs
390 4191 612 4258 simuluuivorsa
631 4197 659 4247 in
678 4199 736 4248 eius
755 4203 917 4264 potestatem
934 4194 1025 4260 abire;
1044 4193 1160 4264 populns
1177 4199 1235 4244 tur-

157 4267 255 4318 matim
271 4262 306 4318 ad
324 4281 386 4320 cum
403 4265 576 4322 salutandum
594 4283 741 4323 recurrere.
775 4265 825 4318 llle
842 4263 961 4328 veritus,
986 4281 1021 4316 ne
1043 4263 1135 4316 Pheris
1160 4279 1233 4316 sum-
