2986 4862
279 287 364 399 376
679 309 959 377 camacum:

133 465 337 551 Δαιδορτδν
365 468 421 532 καί
445 463 542 553 δεηθῇ
569 461 644 552 περί
662 465 778 550 αὐτῆς,
804 464 862 550 τὴν
889 466 947 548 μὲν
974 457 1162 549 άκρδπολιν,
1199 463 1239 550 ἢν
1262 467 1365 547 αι’τάς

278 562 447 657 ᾠκοδόμει,
467 562 507 630 τά
529 565 710 647 ἐλλείποντα
725 564 953 646 ἐπισκευάσας,
975 571 1144 644 κατασχεῖν
1162 569 1287 655 φρουρᾷ
1305 570 1363 653 τῆς

277 667 432 732 εἰσέπτετο
445 659 623 750 άσφαλείας
637 665 734 728 ἕνεκα·
754 663 910 751 Μαρτίνῳ
931 665 967 728 δὲ
980 663 1039 746 τῆς
1059 654 1154 748 άλλης
1173 663 1269 749 νήσου
1286 669 1363 736 ,ἐπι-

276 766 393 852 τρέψαι
411 754 531 849 ἄρχειν,
553 759 738 827 άποδιδόντι
757 759 887 846 ἐτησίοις
899 763 1053 848 Μπενέτῳ
1070 758 1096 826 *ἃ
1115 762 1264 850 πρότερον
1275 766 1364 852 χρή-

193 891 201 902 ·
247 883 272 936 1)
278 889 366 947 ματα
381 857 555 948 ἀπεστέρει.
576 858 593 924 e‘
613 862 645 924 d’
659 855 697 923 οὗ
713 857 809 942 μόνον
825 861 923 926 ἐποίει
938 861 1000 925 τοῖν
1013 859 1148 926 δεόντων
1165 863 1266 946 οὐδὲν,
1286 865 1386 930 ἅλλ’5

273 965 344 1030 ἐπεὶ
359 961 495 1028 ἐπύθετο
511 955 583 1025 ὅσον
598 953 723 1024 οάδίποο
736 959 920 1024 ἐπιπλέοντα
931 959 985 1026 τὸν
1000 957 1120 1046 στόλον,
1132 959 1190 1042 τάς
1199 965 1258 1044 μὲν
1269 961 1370 1050 τριὴ-’

273 1087 340 1150 ρεις
355 1060 393 1138 ἃς
407 1055 473 1144 εἶχε
491 1061 589 1148 (τρεῖς
602 1060 638 1124 δὲ
652 1051 759 1147 ἧσσα)
773 1059 818 1135 εἰς
833 1055 889 1145 τὴν
903 1059 1069 1126 θάλασσαν
1089 1063 1243 1128 κατέδυσε
1259 1059 1366 1138 κενάς·

268 1163 442 1243 Ῥωμαίων
460 1183 494 1224 τε
513 1167 578 1236 τοῖς
594 1159 653 1244 τὴν
668 1161 763 1243 νῆσον
782 1159 961 1224 κατοικοῦσι
972 1157 1087 1244 μηδενί
1105 1161 1265 1227 ἐκέλευσεν
1274 1163 1367 1240 ε’ξεῖ-

270 1285 325 1326 ναι
338 1255 442 1334 ὅπλοις
461 1261 616 1345 χρῆσθαι,
633 1258 772 1325 θάνατον
789 1261 826 1324 δὲ
841 1253 923 1324 εἶναι
937 1255 992 1342 τὴν
1007 1257 1122 1344 ζημίαν
1132 1263 1177 1350 cpi
1191 1263 1362 1350 χρωμένῳ.

270 1354 366 1435 αάτάς
386 1360 422 1424 δὲ
436 1358 492 1434 τάς
507 1383 540 1423 τε
558 1359 660 1434 πάλας
671 1361 727 1444 τῆς
744 1357 861 1436 πόλεως
881 1352 1134 1446 ἀσφαλισάμενος
1151 1362 1205 1425 καί
1225 1359 1264 1424 τά
1276 1354 1413 1426 ἅλλοιτο

269 1449 498 1546 καταστήσαςῇ
512 1458 600 1548 αὐτῷ
618 1443 858 1545 άρισταέδάκει
878 1454 980 1544 ἔχειν,
1000 1453 1070 1540 άμα
1090 1456 1283 1535 άκτακοσιοις
1297 1455 1364 1535 οὓς

270 1552 356 1642 εἶχε,
385 1558 578 1645 φραξάμενοι
601 1559 738 1644 ἀνῆλθον
754 1561 800 1634 εἰς
818 1555 859 1624 τά
877 1557 967 1643 τείχη
988 1553 1031 1634 ὥς
1055 1553 1268 1640 άμυνοάμενοι
1287 1560 1369 1624 ε’πι-

270 1654 347 1722 όντα
370 1659 515 1739 βασιλέα.
546 1649 607 1744 ἤδη
629 1656 690 1744 γάρ
711 1652 902 1724 άνδάτταντο
915 1652 1119 1746 άνοιφανδὸν,
1140 1656 1196 1723 καί
1211 1657 1285 1723 οὐδὲ
1299 1681 1369 1743 οη-

268 1757 368 1836 μαίας
391 1755 450 1833 τάς
464 1754 631 1841 βασιλικάς
650 1755 787 1843 ἠξίωσαν
808 1757 976 1842 άναγαμεῑν
990 1754 1046 1822 ἐπὶ
1061 1755 1101 1822 τά
1124 1758 1224 1843 τειχη,
1248 1751 1365 1844 ὥσπερ

267 1847 409 1940 ἧνέδος,
431 1853 513 1921 α’λλά
532 1854 590 1932 τάς
607 1859 778 1944 Μυρτίνοο
797 1858 915 1939 μόνας,
946 1855 990 1932 ιδς
1002 1857 1137 1941 petimine
1154 1850 1214 1944 η’δη
1228 1859 1282 1942 τῆς
1300 1857 1414 1942 ντὶ-15

172 1967 199 2022 1³.
208 1965 260 2025 931
269 1975 327 2018 σου
345 1955 508 2040 ἐχομένης.
521 1952 715 2032 ’Καλὸθετος
737 1957 769 2021 δ’
785 1951 853 2038 ἅμα
866 1965 932 2032 τοῖς
953 1953 1028 2041 περί
1047 1953 1156 2038 αὐτὸν,
1177 1950 1280 2032 ὅπλοις
1293 1961 1365 2038 μὲν

173 2099 176 2110 .
268 2045 325 2116 οὖν
343 2051 486 2135 ε’τάλμιον
501 2055 647 2140 χρῆσθαι
662 2057 707 2142 τῷ
724 2057 789 2121 δέει
805 2056 868 2120 τάν
886 2057 1056 2120 Λατίνων·
1097 2057 1367 2138 παρεσκευασμέ-

266 2174 317 2216 νοι
335 2153 370 2216 δὲ
385 2145 469 2237 ἦσαν
487 2149 531 2228 σάς
552 2152 778 2239 ἐπιθησόμενοι
797 2155 922 2237 αὐτοῖς,
952 2152 1081 2220 ἐπειδάν
1103 2149 1287 2239 άβασιλεάς
1307 2155 1365 2230 εἷς

264 2254 474 2334 τειχομαχίαν
498 2257 647 2340 καταστῇ.
688 2258 859 2341 Μαρτῖνος
879 2257 940 2338 μὲν
961 2249 1019 2322 σάν
1036 2249 1116 2322 aire
1135 2263 1202 2331 τοῖς
1222 2253 1364 2320 ὀκτακο-

264 2350 345 2424 σίοις
367 2348 536 2434 πεποιθώς,
560 2353 762 2440 άντικατέστη
776 2352 856 2441 πρὸς
872 2355 931 2443 την
944 2353 1063 2442 μάχην.
1091 2353 1241 2439 βασιλεῦς
1255 2357 1292 2419 δὲ
1312 2357 1412 2442 uffae

263 2447 348 2538 νήσῳ
375 2449 419 2524 οδς
444 2450 634 2536 προσέσχεν,
681 2452 836 2538 άπάβασίν
861 2480 895 2521 τε
922 2461 1055 2524 ἐποιεῖτο
1085 2459 1142 2539 τῆς
1167 2459 1224 2541 γῆς
1252 2454 1364 2535 εάθύς

263 2550 405 2634 κρατῶν,
427 2552 483 2615 καί
494 2549 550 2635 τήν
568 2551 664 2617 ἵππον
682 2552 802 2638 ἑξάχουν
826 2554 1074 2642 παρεσκευάζετο
1102 2553 1181 2642 πρὸς
1202 2553 1257 2640 την
1287 2579 1361 2620 τει-

261 2646 434 2732 χομαχίαν.
476 2651 642 2730 Μπενέτος
668 2651 744 2718 δὲά
771 2657 941 2742 Μαρτίνου
971 2653 1110 2743 ἀδελφάς
1142 2653 1298 2744 φρούριόν
1317 2680 1361 2720 τι

331 2799 358 2860 5.
377 2799 440 2855 οὐδ’
456 2800 509 2860 nair
521 2775 620 2859 vitiose
633 2823 683 2878 pro
702 2803 801 2861 dd'od
818 2808 966 2878 legebatur.

259 2959 318 3016 tur,
336 2971 386 3024 pro
404 2973 436 3010 ea
454 2966 577 3030 rogatum
595 2963 721 3026 veniret,
748 2959 886 3034 reliquum
903 2965 972 3016 arcia
989 2963 1132 3017 aedificare
1151 2969 1180 3017 et
1197 2979 1246 3034 pro
1264 2979 1358 3017 seeu-

258 3024 339 3077 ritate
365 3027 394 3078 in
420 3028 542 3082 futurum
566 3034 734 3101 praesidinm
759 3035 804 3086 ilii
830 3033 986 3103 imponere:
1019 3035 1160 3099 Martiae,
1185 3036 1356 3090 restituenti

256 3091 406 3149 Benedicto
427 3107 580 3152 ceterorum
599 3119 731 3156 annorum
744 3121 823 3174 quam
845 3106 872 3157 el
890 3103 1044 3156 detraxerat
1060 3106 1213 3174 pecuniam,
1224 3104 1357 3176 reliquae

257 3164 363 3246 insulae
381 3169 579 3235 praefecturam
598 3175 778 3230 committere.
807 3176 863 3246 Qui
880 3183 972 3226 tamen
990 3191 1046 3226 non
1065 3175 1152 3226 solum
1166 3174 1237 3228 nihii
1250 3192 1358 3230 eumn

257 3233 339 3314 sepit,
358 3251 428 3303 quae
449 3239 563 3290 debuit:
582 3241 631 3292 sed
649 3243 697 3294 ubi
715 3247 935 3315 appropinquare
953 3245 1065 3298 classem
1083 3246 1236 3308 intellexit,
1252 3252 1356 3300 ternas

256 3309 475 3386 trrremesnuas,
494 3325 594 3380 easque
612 3327 707 3364 vacuas
726 3315 756 3365 in
775 3331 849 3368 mare
867 3314 1004 3376 demersit,
1023 3317 1205 3386 Romanisque
1224 3316 1357 3370 insulan

255 3369 461 3457 habitantrpus,
479 3381 573 3430 mortis
590 3398 680 3450 poena
698 3387 852 3452 proposita,
879 3389 959 3438 armis
975 3386 1137 3440 interdixit:
1157 3386 1232 3439 urbia
1250 3395 1355 3453 portu

256 3453 418 3495 communrrt
442 3453 471 3497 et
489 3456 579 3501 cetera
606 3467 688 3522 quam
705 3456 794 3506 visum
818 3464 859 3509 est
879 3459 982 3526 optime
1011 3459 1174 3519 constituit,
1200 3458 1355 3526 octingen-

254 3519 353 3582 tosque
385 3521 501 3569 armatos
529 3538 597 3590 quos
621 3520 757 3587 habebat,
782 3527 811 3576 in
839 3529 923 3580 muria
950 3523 986 3580 ad
1011 3529 1180 3598 imperatoris
1209 3528 1355 3596 impetun

254 3581 444 3651 repellendum
465 3589 626 3644 collocarit:
644 3594 696 3646 inm
717 3597 789 3647 enim
807 3615 863 3650 non
884 3597 968 3652 dubie
986 3599 1178 3662 rebellabatur,
1198 3614 1249 3650 nee
1266 3599 1359 3668 sign

248 3652 427 3720 imperatoria
446 3658 475 3708 in
494 3662 638 3715 moenibus
667 3683 717 3734 pro
749 3667 962 3732 cousuetudine,
990 3668 1039 3722 sed
1064 3669 1177 3722 Martini
1200 3668 1357 3724 dammae

255 3723 421 3792 figebantur:
448 3730 526 3797 quasi
555 3733 644 3784 insula
672 3735 707 3788 ab
737 3754 769 3789 eo
798 3747 873 3790 certo
900 3741 953 3790 ianr
982 3741 1118 3810 aequisita
1144 3747 1173 3792 et
1196 3739 1351 3806 mancupio

254 3793 369 3848 obtenta
390 3805 467 3849 esset
504 3799 664 3855 Calothetus
682 3823 743 3858 eum
761 3809 818 3860 suis
835 3809 993 3861 Latinorum
1012 3819 1088 3864 metu
1106 3811 1243 3879 corripere
1266 3825 1354 3864 am

254 3863 327 3916 ultro
354 3883 409 3919 non
438 3865 574 3922 eradebat:
600 3874 648 3925 sed
675 3876 709 3928 ad
735 3893 846 3947 operam
875 3879 1084 3950 praestandam,
1114 3880 1163 3933 nbi
1191 3880 1350 3949 imperatea·

254 3947 411 4004 oppugnare
428 3937 524 3990 urbem
544 3944 691 4011 coepisset,
719 3952 807 4016 parati
826 3957 911 4002 erant
947 3951 1264 4020 Martinnsectingentis
1283 3949 1349 4003 iilia

253 4005 386 4069 confisus,
404 4024 432 4058 se
454 4009 602 4062 defendere
624 4016 796 4070 instituebat.
832 4021 983 4090 Imperator
999 4021 1035 4074 ad
1051 4022 1117 4074 litua
1135 4020 1283 4090 appulsus,
1312 4029 1349 4074 ek

252 4076 429 4156 exscensione
446 4078 532 4142 sacta,
551 4089 623 4134 terra
639 4087 732 4137 atatim
750 4089 870 4156 potitus,
896 4090 1029 4158 producto
1049 4093 1173 4162 equitatu
1193 4091 1230 4144 ad
1248 4107 1347 4158 oppu—

250 4153 407 4267 pnataonenr
434 4150 633 4219 accingebatur.
685 4155 849 4211 Benedictus
880 4159 992 4213 Martini
1024 4177 1166 4232 germanus
1198 4161 1346 4214 macellum

246 4221 323 4298 Ιοοῑιο
341 4216 441 4291 lapidis
458 4218 494 4274 ab
512 4221 614 4294 oppido
632 4223 761 4283 dissitum
779 4237 892 4296 tenens,
911 4233 1001 4298 venit,
1028 4231 1155 4306 illudque
1180 4235 1345 4303 inperatori
