3018 4860
449 325 731 402 ffls'romtlwss
762 302 870 416 1.'51,
1130 333 1226 446 257.

119 487 177 568 ⁹36
199 483 249 576 εἴη
260 492 457 586 mamis
473 490 562 588 αὖτοῖ
574 503 752 585 βασιλεδςδ
771 509 896 592 πάππος
910 517 974 584 τεόν
987 519 1114 590 δνθένδτ
1129 526 1344 616 dea-Annia

128 597 264 675 χωρεῖν,
292 593 370 676 μηδ’
391 591 556 678 ἱστάμενον
575 601 697 686 edroi,
724 606 780 692 τὴν
808 605 908 678 αδτοό
927 616 1018 684 πόλιν
1036 639 1210 708 περιποιεῖν

129 681 233 778 ἑαυτῷ
249 690 448 768 ἐξαπατῶντα
469 698 524 760 καί
546 703 784 784 παραπείθυντα
806 707 862 774 τόν
878 714 1105 799 προστυχόντα.
1135 717 1208 788 τότε

128 783 189 872 γάρ
211 785 309 853 αδτόν
330 789 467 858 δυνατόν
483 793 538 858 ἐπί
551 793 586 860 τό
603 807 704 882 τεῖχος
724 804 837 888 ἐλθεῖν,
862 803 928 874 οὔτ’
942 812 1029 900 αδτῷ
1048 799 1104 900 τόν
1123 821 1207 886 εἴσο-

108 883 185 952 5δσν
200 890 416 974 συγχωρῆσαι,
441 890 509 956 ἀλλ’
526 889 602 960 odos
614 894 678 982 μὴν
693 895 747 965 τόν
762 909 849 970 θεῖον
862 908 949 997 αάτηῖ
963 909 1014 976 τόν
1030 917 1206 1002 Μαρκίσην
1299 1001 1304 1010 Ι

126 985 297 1052 ἀποστελεῖ
312 985 390 1073 πρός
410 987 517 1056 αδτόν.
535 997 665 1078 πλησίον
686 999 722 1062 δὲ
741 1001 840 1068 edroi
849 1007 1021 1096 ›Maporiiq
1041 1016 1095 1077 καί
1107 1013 1205 1100 Μάρ-

124 1105 179 1157 κος
194 1108 243 1160 τις
263 1083 490 1172 Καβαλλάρισς
504 1082 722 1176 ὠνομασμένος
742 1097 759 1165 ό
776 1103 1004 1191 Καβαλλαριόυ
1023 1113 1078 1174 τοῦ
1091 1113 1204 1199 Βάρδα
1238 1159 1243 1166 -

122 1175 234 1264 ἑστιδς,
255 1183 291 1248 ἐκ
310 1183 372 1248 τάν
392 1185 517 1253 οἰκετῶν
535 1193 593 1276 τοόΙ
610 1201 822 1284 πρεσβυτέρου
835 1205 989 1284 βασιλέως
1002 1200 1063 1290 σόν,
1082 1215 1234 1288 σκαιάςι)

123 1279 180 1346 καί
198 1281 394 1362 ἀπαιδεύτως
416 1284 496 1372 πρός
513 1292 646 1372 βασιλέα
666 1291 722 1360 τόν
742 1300 812 1364 νέον
831 1295 926 1384 εἶπεν,
947 1305 1124 1393 ἀποχωρεῖν
1142 1314 1224 1377 τεόν·
1301 1305 1306 1312 “

87 1380 254 1446 ιοένθίνδε
270 1385 345 1468 πρίν
368 1386 603 1470 κατεδηδοκέναι
626 1389 684 1475 τόν
703 1393 839 1482 κεφαλὴν
855 1396 912 1482 τὴν
933 1395 1058 1469 ἑαυτοῦ.
1089 1403 1149 1490 ἦδδ
1169 1411 1210 1488 δὲΔ

121 1477 258 1564 γελάσας
279 1478 296 1545 ό
320 1479 469 1564 βασιλεός
487 1485 542 1550 ἐπί
565 1487 723 1579 τῷλόγῳ,
742 1481 832 1575 ,ἀλί
853 1491 911 1561 osis
928 1493 968 1564 ἀν
985 1498 1033 1586 εἴη
1054 1504 1206 1572 δυνατόν’*

120 1572 208 1643 εἶπεν
225 1569 276 1661 ,μό
295 1578 428 1666 Μάρκε,
448 1586 548 1650 τοῦτο.
572 1587 633 1665 ζάν
649 1612 682 1654 τε
695 1588 756 1677 γάρ
775 1589 832 1657 eds
847 1588 888 1660 ἀν
916 1600 1130 1685 καταφάγοιμι
1145 1601 1204 1688 τὴν

14 1679 17 1685 “
120 1675 388 1764 tenementis,
419 1678 475 1746 καί
497 1681 696 1752 ἀποθανόντα
719 1686 834 1770 ὁμοίως
853 1694 1088 1784 ἀδυνατώτερον
1107 1702 1203 1766 τοῦτο

119 1773 290 1860 πράττειν,
319 1773 398 1844 odoro
424 1802 461 1846 σε
482 1780 667 1864 συμβαίνειν
686 1785 743 1852 καί
761 1787 987 1878 ἀμφοτέρωθεν
1013 1794 1203 1879 ἐψεῦσθαιά

85 1871 199 1958 ι5πρός
210 1877 272 1955 μὲν
294 1869 352 1942 odo
366 1879 504 1965 Μάρκον
519 1883 649 1948 τοιαῦτα
670 1885 790 1966 παίζων
802 1885 922 1974 εἴρηκεν
941 1889 958 1957 ό
972 1891 1129 1978 βασιλεὺς,
1145 1893 1202 1962 τόν

121 1970 304 2059 Μοροόλην
322 1975 357 2040 δὲ
379 1979 519 2044 ἐκέλευεν
535 1979 579 2057 ἀς
601 1981 752 2060 ἐξαάτοῧ
768 1989 901 2053 τοιαῦτα
921 1984 1123 2076 ἀπαγγέλλειν
1140 1999 1201 2078 βα-

121 2075 211 2153 σιλεῖ’,
223 2071 267 2149 σός
286 2072 405 2154 ,,αυ’τός
418 2070 458 2142 άν
475 2077 571 2164 εἰδείη
587 2077 670 2165 θεός,
688 2059 759 2148 οἶδα
777 2087 812 2151 δὲ
830 2090 886 2152 καί
899 2087 1005 2172 αδτός,
1025 2089 1081 2170 καί
1094 2093 1207 2160 αδτοόν·

119 2169 194 2250 ε’μοί
211 2175 569 2260 συνεπιμαρτυροόντων
587 2183 651 2246 τάν
669 2181 877 2269 πραγμάτων,
899 2181 942 2263 ἀς
956 2189 1047 2256 οὐδὲν
1059 2191 1200 2260 ἐνέλιπον

117 2270 301 2354 προθυμίας
319 2270 392 2336 odet
400 2277 543 2388 γπουδῆς
555 2279 600 2355 εἰς
615 2277 651 2343 τό
669 2279 816 2366 πράττειν
833 2278 856 2350 ἀ
872 2309 906 2350 τε
923 2291 1129 2370 προσέταττες
1145 2289 1200 2356 καί

3 2359 4 2362 “
79 2359 158 2450 τοῆν
178 2365 323 2432 σοικοτά
343 2393 479 2457 γνωμην·
502 2375 684 2463 ἐλογιζόμην
705 2381 750 2464 δ’,
766 2375 814 2446 ότι
839 2381 894 2447 καί
909 2383 948 2448 od
964 2387 1084 2468 μάλλον
1097 2381 1135 2453 άν
1153 2391 1228 2460 εῑ-Ρ.
1237 2405 1291 2470 159

117 2466 203 2550 δείης
219 2459 301 2532 αδτά
318 2471 382 2534 τῶν
399 2463 512 2538 ἀλλων·
529 2477 627 2562 ἐχρῆν
646 2477 718 2565 γάρ.
731 2477 801 2544 ἐπεί
815 2483 850 2544 δ’
866 2477 948 2548 odeo
966 2483 1007 2549 τά
1026 2487 1198 2572 πράγματα

29 2621 40 2640 ,
109 2559 274 2650 ’φθονερός
295 2585 344 2644 τις
358 2569 566 2640 συνεσκεόασε
592 2576 731 2660 δαίμων,
751 2581 806 2644 καί
821 2569 865 2648 dr
881 2583 941 2662 μὲν
957 2585 992 2648 ἐν
1007 2593 1079 2676 ιτοῖς
1094 2611 1198 2672 παρα-

114 2665 231 2746 σχοόσι
251 2673 372 2750 καιροῖς
388 2663 513 2746 εδνοίας
528 2665 596 2754 ἀμα
611 2675 667 2738 καί
683 2677 861 2754 εὖπειθεάτς
875 2681 930 2763 τῆς
944 2679 1023 2766 πρός
1038 2684 1075 2746 σὲ
1092 2685 1198 2750 susos-

114 2761 243 2843 δειγμαι
263 2760 343 2854 ἔργῳ
361 2766 530 2852 ἐπελάθου,
554 2770 734 2858 ἀνθρώποις
757 2776 793 2840 δὲ
808 2775 1018 2862 συκοφάνταις
1038 2778 1094 2844 καί
1113 2777 1197 2866 φθό-

72 2867 187 2946 ῃὸρσις
199 2863 348 2947 πεισθείς,
370 2865 531 2953 κεκίνηκας
547 2863 644 2946 αὖθις
659 2867 714 2936 τόν
727 2869 862 2954 πόλεμον
874 2871 928 2938 τόν
942 2872 1022 2961 πρός
1034 2880 1102 2959 ἐμὲ,
1120 2887 1196 2944 πολ-

110 2956 153 3022 λά
173 2956 325 3049 πρότερον
341 2961 395 3028 καί
410 2964 658 3051 βουλευσάμενος
675 2967 731 3036 καί
747 2971 945 3049 συσκευάσας
958 2977 1027 3038 κατ’
1042 2977 1131 3058 ἐμοῦ,
1152 2976 1197 3054 σός

108 3127 185 3176 ¹21⁰,
206 3111 271 3166 dnm
297 3115 407 3171 obvium
427 3137 564 3195 quemque
582 3122 702 3194 decipiat
721 3131 750 3179 et
766 3124 859 3178 fallaci
878 3127 1052 3195 persuasione
1073 3126 1193 3181 deludat.

108 3182 208 3253 Neque
228 3185 301 3236 enirn
327 3189 385 3241 fieri
403 3208 498 3260 posse,
526 3196 631 3265 etipse
649 3195 679 3246 in
703 3197 809 3248 moenia
826 3195 969 3266 procedat,
986 3215 1076 3270 neque
1095 3209 1126 3252 ut
1146 3201 1192 3252 in-

107 3269 230 3322 gressum
248 3255 291 3308 illi
307 3261 453 3326 concedat,
472 3263 520 3317 sed
537 3281 626 3337 neque
643 3273 768 3335 patruum
786 3267 936 3319 missurum.
973 3267 1067 3321 Stabat
1100 3273 1192 3340 ropter

106 3322 247 3376 Moralem
265 3325 369 3382 Marcus
387 3334 505 3402 quidam,
520 3351 550 3387 co
588 3345 696 3389 omento
717 3337 899 3400 caballarius,
920 3338 1025 3392 Bardae
1045 3287 1191 3392 Caialiarii

105 3392 202 3458 filius,
220 3412 288 3448 unus
308 3395 341 3451 de
360 3401 529 3472 imperatoris
566 3407 711 3470 omesticis,
728 3409 776 3478 qui
792 3407 891 3460 stolide
910 3418 938 3462 et
954 3411 1081 3477 imperite
1099 3413 1188 3480 impe-

103 3466 193 3516 ratori
211 3466 333 3532 iuniori,
353 3471 507 3536 decederet,
524 3477 681 3546 priusquam
699 3494 777 3528 suum
794 3477 852 3545 ipse
873 3485 954 3548 ceput
971 3477 1118 3532 devoraret
1145 3478 1188 3532 Ad

102 3531 161 3586 hoc
180 3533 293 3588 verbum
310 3541 453 3596 subridens
474 3545 537 3608 iiie,
555 3545 659 3616 Atqui,
682 3547 787 3608 Marce,
808 3549 915 3617 inquit,
941 3565 996 3600 non
1015 3555 1065 3614 est,
1086 3557 1116 3601 ut
1134 3547 1187 3600 hoo

100 3603 204 3673 possit.
240 3605 307 3658 Nam
323 3611 399 3664 virus
416 3631 506 3668 meum
524 3615 609 3682 ipsius
627 3624 709 3685 eaput
726 3616 853 3669 devorare
871 3634 1001 3689 nequeo,
1019 3627 1048 3671 et
1063 3627 1186 3670 mortuus

98 3673 196 3728 multo
213 3677 304 3730 minus
322 3681 447 3751 quivero,
473 3693 505 3736 ut
521 3693 549 3736 te
567 3686 696 3756 utrinque
713 3688 857 3738 mentitum
872 3696 1012 3762 apparent
1044 3689 1081 3740 Ac
1094 3689 1184 3739 Marco

99 3743 220 3815 quidem
242 3747 339 3801 ludens
358 3754 425 3806 talia
443 3754 600 3824 respondit:
621 3753 743 3808 Merulae
756 3765 846 3808 autem
864 3773 912 3809 suo
930 3758 1040 3810 nomine
1059 3773 1107 3808 avo
1118 3757 1186 3808 haec

98 3814 253 3868 referenda
272 3817 361 3874 dedit:
381 3823 454 3876 Scire
472 3825 559 3877 Deum
576 3825 681 3893 ipsum,
708 3827 776 3878 scire
794 3828 875 3879 etiam
894 3843 939 3893 se,
958 3827 1033 3912 quod
1050 3844 1091 3879 res
1109 3829 1186 3896 ipsae

96 3891 257 3950 testentur,
283 3887 354 3942 nihil
375 3909 403 3944 se
430 3893 514 3947 studii
535 3895 735 3966 alacritatisque
761 3896 795 3948 ed
813 3913 854 3959 es,
879 3915 948 3980 quse
967 3898 1015 3950 sile
1032 3893 1186 3980 mandasset

95 3955 217 4025 sibique
234 3957 342 4026 placere
360 3965 538 4030 ostendisset,
565 3982 627 4018 exse
648 3963 736 4026 uendq
753 3970 972 4036 praetermisisse.
1008 3969 1184 4020 Existimasse

94 4041 207 4096 P⁰f¹⁰2
234 4035 369 4102 eum'quo
409 4051 424 4086 e
448 4033 516 4088 haec
532 4052 596 4104 prae
620 4035 681 4087 a'is
698 4035 783 4100 scire,
806 4044 838 4089 ut
855 4035 1013 4108 oportebat:
1039 4035 1087 4122 sed
1114 4053 1184 4106 quo·

93 4097 178 4148 niam
197 4093 336 4152 daemonis
360 4105 475 4158 a'euins
493 4105 597 4158 invidia
619 4106 658 4157 itu
681 4115 862 4174 comparatum
879 4109 925 4172 sit,
943 4115 974 4160 ut
991 4123 1088 4160 amoris
1101 4114 1183 4176 atque

93 4165 284 4220 obedientiae
309 4171 423 4226 antehae
447 4190 511 4226 suae
537 4191 599 4244 erge
625 4175 714 4258 ipsum
738 4181 894 4246 argumenta
917 4177 1005 4248 uentis
1029 4175 1183 4237 tradiderit,

87 4233 335 4310 sycophantisqne
352 4257 384 4297 so
403 4243 520 4318 perditis
536 4241 693 4300 hominibus
712 4247 874 4314 auscultans,
890 4247 977 4301 mults
993 4247 1068 4316 prius
1085 4244 1183 4300 sdver-

128 4331 357 4387 comumnes.
672 4387 677 4394 ,
969 4357 998 4408 rp
