2946 4872
526 275 761 347 amttam
1095 290 1177 371 xvu

108 451 387 540 provinciamque
398 447 564 512 rectoribus
586 470 621 512 ac
637 447 709 512 belli
720 449 845 516 ducibus
854 453 999 521 malorem
1011 455 1043 520 in
1053 455 1179 523 modum

111 553 363 616 asmodaeum
376 559 491 633 putem.
534 547 612 610 Cum
634 558 734 610 autem
753 552 854 612 virum
872 549 1027 636 politicum
1047 553 1086 617 ad
1101 555 1178 634 bona

111 653 269 736 rogmdum
290 649 357 712 aliis
377 668 497 732 quoque
511 646 671 710 virtutihus
687 645 782 710 nihilo
796 651 895 714 mium
914 653 1094 716 instructum
1114 675 1179 718 esse

113 763 259 834 oporteat,
280 753 321 812 ne
334 769 439 810 earum
456 745 578 830 qudem
603 745 736 830 exempla
756 747 992 834 documentaque
1004 752 1054 814 hic
1066 753 1179 817 frustra

114 855 251 934 requiras.
295 849 333 910 ln
346 847 456 930 quibus
470 844 566 928 qualis
580 845 671 908 suerit
684 845 928 929 Cantacuaenus,
948 847 1026 913 inii-a
1038 854 1179 916 ostende.

112 971 189 1014 mas:
218 951 250 1012 in
263 967 405 1033 praesens
425 945 538 1030 aliquid
559 944 598 1008 de
611 945 786 1032 Andronico
800 946 955 1030 dicemus,
985 967 1094 1033 quem,
1124 955 1178 1038 qui

113 1050 290 1112 &Clemente
302 1049 344 1113 V.
359 1045 499 1131 pontifice
519 1047 648 1108 maximo
668 1047 700 1108 in
722 1055 872 1132 extravng.
886 1049 1116 1132 communibm,
1143 1065 1180 1117 ut
1247 1072 1248 1080 ’

112 1143 321 1212 hamaticorum
349 1157 380 1208 et
393 1145 558 1208 schismatis
587 1146 701 1228 antiqui
715 1143 862 1210 fautorem
875 1149 1197 1216 excommunicatione

114 1267 279 1330 pemnssum
294 1247 462 1326 existimat,
481 1246 508 1308 is
527 1255 663 1328 tempora
676 1245 755 1308 male
767 1249 940 1330 componit,
960 1259 991 1311 et
1011 1239 1178 1332 ἆνιστορη-

114 1347 164 1434 cip
186 1347 335 1410 manifeste
362 1345 488 1408 laborat.
538 1346 599 1424 Qui
621 1346 701 1408 enim
725 1355 798 1408 uano
826 1345 1012 1430 imperabat,
1045 1357 1076 1410 et
1098 1347 1178 1412 ultra

13 1451 14 1458 ’
115 1445 206 1508 adhuc
227 1449 310 1509 annis
331 1439 504 1530 quindecim
523 1455 592 1528 post
605 1443 798 1508 Clementiae
820 1445 884 1508 vita
905 1445 1068 1510 discessum
1082 1447 1178 1536 impe-

114 1549 186 1607 ravit
207 1545 397 1609 Andronicus
415 1545 534 1626 senior,
559 1565 644 1608 sacro
670 1543 723 1607 illo
743 1543 868 1606 fulmine
885 1555 981 1608 tactus
1001 1555 1056 1616 est.
1095 1548 1178 1633 Ergo

115 1644 144 1704 in
156 1644 327 1707 Andronico
344 1645 462 1708 iuniore
475 1643 638 1707 Christiani
660 1643 848 1729 imperatorie
863 1665 1051 1728 expressum,
1073 1667 1108 1710 ac
1130 1649 1178 1712 vi-

116 1759 182 1804 vum
196 1741 417 1828 quodammodo
439 1741 633 1806 simulacrum
646 1743 696 1806 hic
710 1743 897 1828 proponitur.
938 1743 995 1808 Est
1014 1747 1115 1826 enim,
1143 1757 1180 1824 ut

114 1845 207 1923 paucis
233 1855 263 1906 et
279 1844 452 1906 summatim
473 1864 609 1928 agamus,
630 1843 754 1927 excelsi,
775 1865 830 1906 noc
852 1843 952 1906 minue
971 1839 1098 1906 modesti
1113 1845 1179 1932 ani-

59 1945 62 1952 '
114 1943 164 2021 mi,
182 1941 340 2022 bmelicm,
360 1942 445 2006 sortis
460 1953 490 2006 et
508 1964 680 2028 generosus,
699 1942 842 2008 adversus
855 1943 933 2006 bene
946 1954 1094 2006 merentes
1109 1966 1179 2028 gra-

114 2047 168 2120 tus,
185 2040 344 2122 humanus,
364 2042 553 2124 iniuriamm,
574 2042 771 2128 laborumque
790 2041 936 2125 tolerans,
953 2043 987 2106 in
999 2043 1180 2128 ignoscendo

113 2141 203 2222 mitis,
230 2141 418 2223 misericors,
437 2143 531 2234 ⁴pacis
544 2143 692 2226 cupidus,
720 2146 753 2204 in
775 2141 971 2206 consultando
990 2165 1059 2206 cum
1076 2145 1180 2206 amicis

113 2235 226 2321 diligens
251 2239 352 2324 (quod
371 2239 476 2303 contra
497 2246 641 2305 mentimur
660 2243 832 2327 Gregoras,
862 2239 935 2304 dum
956 2237 1081 2304 comdiis
1095 2242 1181 2304 nulla

114 2335 273 2422 admisisse,
305 2349 336 2402 et
352 2340 512 2423 imperium
530 2339 692 2426 neglexisse
709 2341 860 2422 autumat)
879 2339 919 2402 ab
937 2339 1009 2403 odio
1026 2343 1059 2403 in
1073 2362 1179 2425 quem·

115 2453 195 2514 quam
216 2437 406 2522 mscipiendo
428 2438 560 2531 chenus,
586 2441 731 2525 pecuniae
743 2439 894 2525 liberalis,
915 2439 1090 2504 aedificandi
1114 2453 1179 2522 stu-

115 2530 223 2618 diosus,
254 2557 327 2621 erga
348 2539 469 2621 Deum,
501 2539 642 2622 caelites,
670 2541 858 2620 sacerdotes,
892 2561 984 2604 avum
1004 2543 1081 2602 mire
1101 2542 1180 2624 pius.

115 2628 210 2695 Insunt
223 2635 254 2697 in
269 2621 318 2699 his
333 2635 419 2700 libris
432 2639 555 2722 insuper
568 2638 627 2702 alia
641 2641 674 2702 in
688 2637 755 2704 aliis
766 2639 990 2724 praeclarorum
999 2640 1180 2719 facinorum,

114 2739 142 2788 et
153 2731 242 2813 (quod
255 2734 505 2800 dissimulandum
528 2758 591 2800 noo
605 2739 664 2822 est)
680 2741 770 2801 enam
788 2741 949 2824 insignium
963 2741 1107 2803 vitiorum
1127 2759 1180 2800 ex-
1229 2747 1232 2754 '

117 2827 222 2910 mpla:
251 2853 378 2914 quanm
395 2846 431 2897 ut
443 2835 496 2900 illa
515 2835 680 2918 imitanda,
701 2841 744 2900 sic
758 2841 816 2900 ista
837 2839 978 2902 miranda
996 2839 1083 2902 nobis
1100 2847 1180 2898 suna

114 2922 218 2990 Notum
240 2943 284 2994 est
305 2953 437 3016 nataque
458 2931 535 2994 illud
556 2935 709 2997 Romanae
735 2933 878 2998 historiae
903 2939 1070 3018 principis..
1105 2935 1180 2996 Hoc

115 3025 190 3088 illud
206 3043 249 3092 ert
263 3033 433 3116 praecipue
454 3031 490 3094 irs
505 3031 681 3115 cognitione
700 3053 807 3099 reram
831 3035 955 3096 salubre
984 3053 1021 3094 ae
1037 3029 1177 3116 fiaglfe·

115 3143 195 3202 rum,
223 3133 324 3194 omnis
350 3143 380 3194 te
408 3130 547 3214 exempli
570 3127 756 3194 documento
781 3131 814 3193 in
834 3128 953 3194 illustri
974 3129 1081 3216 posita
1107 3151 1179 3218 mo·

115 3241 247 3292 numento
263 3228 403 3304 intueri,
425 3226 508 3290 unde
532 3229 612 3303 titt,
632 3243 763 3315 tuaeque
786 3231 977 3314 reipublicae
1002 3225 1181 3316 quodimi·

114 3331 169 3385 tere
189 3330 314 3414 rapiar.-
343 3325 427 3390 uude
440 3325 577 3410 foedum
593 3327 739 3414 inceptu,
760 3325 896 3412 foedam
914 3329 1005 3390 extra
1026 3326 1116 3414 qaod
1131 3328 1180 3390 oi·

116 3429 160 3484 let.
196 3425 295 3489 Habet
315 3426 365 3488 hic
379 3423 452 3510 dur,
473 3427 565 3488 habet
584 3427 691 3506 miles,
720 3425 811 3489 habet
824 3429 960 3512 privatus
974 3429 1068 3507 civis,
1088 3427 1181 3490 habet

116 3523 301 3606 resocatus,
322 3524 437 3586 habmrt
454 3528 543 3608 sacri,
561 3525 674 3588 habent
697 3523 828 3609 profani,
850 3526 962 3588 habent
981 3529 1104 3604 summi,
1122 3525 1179 3586 ha·

115 3609 175 3679 bmt
191 3623 299 3703 intimi,
327 3621 440 3684 habent
459 3623 539 3702 riri,
566 3621 679 3686 habent
699 3623 859 3704 mulieres,
893 3624 976 3708 quod
994 3623 1044 3686 vel
1064 3623 1181 3708 targiant

115 3715 156 3776 tel
171 3733 344 3804 sequanmur.
396 3723 504 3784 Instant
525 3725 675 3785 orationes
696 3723 913 3786 creberrimae:
945 3741 1109 3806 quaecum
1129 3719 1180 3782 hic

115 3827 204 3880 mcor
223 3821 352 3885 directas
368 3819 457 3886 valde
475 3831 555 3882 emet
574 3822 662 3904 (sunt
682 3823 763 3884 enim
783 3823 975 3906 speciosiores
993 3829 1038 3912 ¹et
1058 3821 1180 3906 gravio·

115 3927 155 3972 ¹⁶⁸
165 3913 174 3996 l
184 3935 238 3987 not
253 3923 407 3986 interdum
421 3927 578 3991 brevitatis
592 3933 710 4013 gratia,
732 3941 762 3992 et
782 3929 822 3991 ad
845 3927 999 3991 vitandam
1022 3947 1057 3990 ex
1073 3925 1179 3988 annili-
1263 3971 1268 3988 .

114 4011 205 4077 moine
224 4023 411 4108 satietatem,
447 4026 487 4088 ad
504 4027 660 4112 obliquas,
693 4051 778 4092 more
801 4030 980 4092 Caesariano
1001 4027 1179 4110 redegimus.
1317 4077 1323 4086 .

117 4101 171 4172 a..
188 4135 308 4198 paam
330 4121 370 4186 de
397 4125 462 4191 istis
482 4129 669 4194 ossanna.
695 4130 862 4217 quaquam
882 4127 991 4202 meua
1020 4149 1056 4192 a:
1078 4125 1180 4191 vesus

177 4237 392 4304 ὓωωωκηω.
