3018 4860
420 294 704 364 uuuoumuuu
733 305 759 367 r.
779 305 830 374 52
1081 271 1165 362 265

121 443 160 525 τὸς
174 448 230 514 τῶν
244 449 404 534 Ῥωμαθνν
421 447 510 517 ἔλεον
529 451 696 536 λαβόντας,
717 447 801 518 uiro
823 452 932 530 δεινῶς
949 449 1004 519 ἀπ’
1025 445 1234 541 ἀλλήλοινλῦ.
1245 471 1311 528 risit

119 550 309 632 φθειρομένων
328 547 391 636 διὰ,
403 547 459 614 τὸν
475 549 612 632 πόλεμον
626 551 717 635 ήμῶν
736 548 793 616 τὸν
810 549 886 636 πρὸς
907 551 1068 636 ἀλλήλους,
1088 557 1168 636 πέμ-

118 659 167 724 ψαι
184 644 256 732 πρὸς
274 651 406 730 βασιλέα
427 645 497 713 τινὰ
514 646 678 726 διδάξοντα
693 651 768 734 περὶ
785 651 848 714 τῶν
863 650 1017 714 ἐνταυθοῖ
1022 651 1169 735 πραγμά-

118 765 167 806 ταν
180 742 316 829 τάληθές.
338 742 449 827 οἴομαι
462 743 533 832 μάρ,
555 739 596 812 ἀν
622 744 763 832 πύθηται
782 745 823 811 sol
843 748 980 814 ἐνταῦθα
1001 748 1169 834 πράγματα

103 833 316 927 δοῖκεχῶρηκε,
344 846 460 926 μᾶλλον
490 841 624 932 ἀφήσειν
651 849 709 930 τῆς
736 843 815 932 πρὸς
836 847 892 928 ἐμὲ
919 844 1013 932 ἀργῆς
1039 845 1095 910 καὶ
1112 842 1168 911 τὸν

116 936 229 1020 πόλεμον
242 940 401 1028 ἐθελήσειν
415 948 622 1026 καταθέσθαι,
637 944 745 1014 οάκέθ’
765 943 880 1026 δμοιόος
894 939 997 1031 ῶσπερ
1019 943 1075 1009 καὶ
1089 943 1169 1031 πρό-

114 1059 186 1122 τερον
208 1037 262 1116 εάς
290 1040 371 1128 πρὸς
397 1041 451 1106 τὸν
473 1041 606 1124 πόλεμον
626 1045 755 1120 ἐλπίδας
776 1040 865 1126 ἔχων.
907 1043 968 1126 ἒγῶ
990 1045 1026 1108 δὲ
1045 1046 1168 1130 πρῶτον

114 1137 160 1215 μὲν
171 1128 321 1225 ἄπρακτος
332 1133 655 1227 καθεδοῶμαι,’μηδὲν
666 1145 759 1208 κινῶν
773 1136 845 1208 ὅσον
861 1137 901 1208 ἀν
915 1144 1083 1226 συμβῶμεν
1091 1138 1169 1230 χρό-

115 1255 170 1316 νον,
187 1237 242 1313 ἕως
261 1231 300 1304 ἀν
319 1236 337 1304 o‘
354 1239 512 1326 πεμφθεὶς
528 1239 608 1326 πρὸς
622 1245 755 1324 βασιλέα
770 1239 914 1331 ἒπανήξη.
955 1235 1013 1306 κάν
1027 1241 1087 1324 μὲν
1107 1235 1169 1306 ad-

87 1335 155 1407 ιοθις
172 1334 188 1398 o‘
206 1336 355 1419 βασιλεάς
380 1337 425 1424 μή
446 1342 651 1425 προσδέξηται
676 1338 732 1426 τήν
761 1339 903 1428 εἰρήνην,
931 1335 1088 1406 ἅπτεσθαι
1110 1343 1197 1412 ruric

116 1435 246 1512 πολέμου·
268 1431 307 1501 ἀν
335 1439 388 1522 δὲ,
416 1441 494 1502 θεοῦ
513 1441 787 1522 συνευδοκοῦντος,
807 1437 859 1505 τὸν
878 1437 1012 1520 πόλεμον
1031 1437 1179 1528 ἐθελήση-

113 1535 307 1618 marlotus,
328 1539 503 1624 παρέξομαι
530 1535 608 1620 ὑμῖν
634 1535 694 1622 δγῶ
714 1539 835 1614 πίστεις
855 1538 989 1624 ἰσχυρὰς
1016 1539 1058 1604 δι’
1078 1533 1265 1624 ὅρκονν,ι31

111 1631 157 1692 tul
171 1636 281 1719 μηδενὶ
299 1635 557 1722 μνησικακήσειν,
579 1634 613 1702 εἴ
627 1641 751 1713 asernai
768 1639 824 1702 τοῧ
841 1635 990 1723 παρόντος
1005 1633 1109 1716 ἔδοξεν
1120 1636 1171 1702 αἷ-

109 1729 237 1808 τιῶτατος
255 1738 406 1818 γενέσθαι
425 1739 586 1818 πολέμου,
615 1735 696 1800 ἀλλά
716 1738 812 1800 πᾶσιν
832 1735 970 1818 εὐμενῶς
997 1733 1171 1817 διατεθεὶς,

83 1818 265 1914 ιὸἀσφοὶλειαν
279 1830 343 1921 ,καὶ
361 1833 537 1918 ἀμνηστίαν
556 1835 701 1921 παρέξειν
720 1835 781 1900 τῶν
802 1837 934 1900 ccxciv?
955 1833 1092 1898 Τοιαῦτα
1112 1835 1172 1915 μὲν

109 1923 174 2008 σούς
191 1924 310 2006 αάτσάς
333 1931 351 1996 ὅ
373 1935 502 2008 Λονκάς
522 1935 727 2017 ἰσοβασιλέας
746 1927 814 2016 εἶπε
837 1936 895 1999 τοῦ
914 1935 994 1999 νέου.
1017 1930 1049 1997 οἱ
1068 1933 1172 2013 δὲμε-

111 2029 304 2114 ταστήσαντες
325 2030 427 2097 αὐτὸν
446 2034 500 2097 tul
516 2031 647 2119 μικρὸν,
668 2027 1002 2115 ῶστε·βονλεάσασθαι
1022 2033 1074 2119 ἐφ’
1094 2027 1172 2096 ἑαυ-

107 2125 170 2208 τῶν,
189 2132 284 2198 πάλιν
303 2130 610 2216 μετακαλεσάμενοι,
640 2132 686 2218 μή
709 2130 865 2210 δύνασθαι
892 2135 990 2217 μηδὲν
1018 2127 1105 2197 εἶπον
1126 2119 1171 2196 ῶν

103 2227 237 2308 βασιλεύς
255 2237 463 2318 προκαλεῖται
482 2235 609 2318 πρᾶξαι.
657 2230 749 2316 adjuc
769 2231 839 2319 γὰρ’
850 2233 965 2298 ἐκεῖνον
982 2233 1027 2309 εἷς
1038 2228 1096 2318 τήν
1112 2231 1199 2297 ssd-1)

73 2328 144 2388 τολιν
161 2329 315 2406 δέξασθαι
341 2334 497 2408 παντελῶς
516 2329 580 2414 ε’ξοο
606 2336 736 2420 καιροῦ·
756 2333 852 2398 αὐτοί
867 2357 901 2396 τε
922 2327 978 2397 οάκ
995 2327 1171 2410 ἐξελεύσον-

103 2447 147 2489 ται
161 2426 246 2519 prim
271 2435 479 2518 διακριθῆναι
498 2431 577 2518 πρὸς
596 2433 699 2499 αὐτόν.
740 2435 771 2498 εἰ
788 2431 847 2518 γὰρ
866 2429 1013 2514 ἔμελλον,
1034 2431 1075 2520 τῇ
1092 2453 1171 2516 προ-

101 2529 196 2616 τεραίᾳ
216 2524 256 2596 ἀν
277 2525 351 2612 ἀμα
371 2531 414 2617 τῷ
435 2529 535 2596 αάτόν
555 2534 660 2598 ἐλθεῖν
676 2529 702 2616 ή
722 2530 810 2616 μάχη
831 2527 989 2616 σννήφθη·
1009 2523 1048 2593 ἀν
1069 2530 1105 2604 δέ
1123 2551 1173 2604 τις

101 2621 193 2703 αὐτοῖς
213 2629 307 2716 ἔναιἠ,
331 2623 525 2710 ἀμυνοῦνται
544 2629 720 2713 ἀναγκαίους
741 2625 802 2693 ἀπὸ
824 2631 885 2694 τῶν
904 2631 1026 2710 τειχῶν.
1080 2621 1117 2691 τὸ
1136 2647 1172 2710 γε

101 2717 155 2803 μὴν
171 2727 213 2802 εἰς
222 2725 403 2806 Βυζάντιον
423 2725 500 2814 πρὸς
519 2729 651 2810 βασιλέα
667 2727 851 2792 ἀποστεῖλαι
870 2723 925 2790 τὸν
940 2725 1173 2808 ἀπαγγελοῦντα

158 2878 180 2915 a.
198 2861 285 2936 ήμῶν
298 2863 396 2934 scripsi
407 2879 456 2934 pro
469 2862 567 2934 ὑμῶν,
579 2863 707 2935 idemque
722 2865 789 2934 legit
801 2865 886 2933 iutpr.
917 2845 921 2852 ⁴

99 2977 147 3013 rem
164 2967 319 3034 publicam,
341 2985 411 3038 quae
424 2974 535 3037 propter
553 2975 674 3020 mutuum
693 2967 735 3018 avi
750 2973 778 3017 el
796 2966 905 3034 nepotis
922 2964 1025 3017 bellum
1041 2963 1079 3016 sie
1095 2981 1111 3017 a
1127 2979 1173 3016 se-

96 3044 145 3086 met
157 3037 214 3107 ipsa
238 3040 428 3101 dilaceretur,
446 3039 564 3108 aliquem
583 3039 711 3100 mittant,
728 3053 820 3090 senem
840 3051 901 3088 vere
925 3036 1095 3098 educturum,
1116 3049 1172 3102 quo

95 3109 270 3170 parturires
295 3111 343 3162 hic
360 3109 487 3161 habeant
523 3108 635 3176 Sperare
655 3109 743 3171 enim,
769 3109 792 3159 si
813 3108 979 3177 cognoverit,
999 3120 1053 3176 quo
1077 3104 1173 3155 insoli-

96 3174 176 3229 ritatis
198 3182 265 3234 illae
288 3179 467 3242 devenerint,
500 3180 607 3248 parcius
633 3181 818 3242 irasciturum,
852 3179 1003 3247 amissaque
1028 3175 1174 3244 praeterita

94 3244 199 3312 fiducia,
218 3249 334 3304 bellum'
346 3249 435 3302 valere
451 3251 599 3301 iussurum:
628 3266 656 3301 se
675 3249 802 3312 interim,
822 3248 950 3319 quamdiu
968 3247 1021 3299 sibi
1042 3262 1105 3300 eum
1117 3245 1173 3296 illis

94 3324 263 3386 convenerit,
284 3321 375 3373 donee
400 3321 527 3372 nimirum
553 3321 667 3372 nuntius
693 3320 819 3393 redierit,
837 3317 908 3371 nihil
929 3321 1108 3388 incepturum.
1144 3315 1174 3368 Sl

90 3384 235 3456 inperator
252 3407 354 3462 pacem
370 3407 426 3442 nou
444 3389 596 3452 admiserit,
614 3391 727 3442 Martem
747 3389 942 3444 invadendum:
964 3391 997 3452 si,
1014 3389 1138 3440 divinos
1159 3415 1174 3425 -

89 3460 217 3523 probante
235 3463 366 3525 numine,
385 3460 459 3513 bello
477 3459 612 3512 abstinere
627 3461 754 3523 voluerit,
772 3479 800 3513 se
821 3458 907 3512 iidem
923 3461 980 3510 illis
999 3403 1174 3510 iureiuraulo

90 3527 294 3595 obstrieturum,
314 3533 344 3583 in
364 3532 519 3594 neminem,
537 3533 644 3582 tametsi
658 3547 790 3583 armorum
804 3532 916 3582 istorum
933 3537 1070 3581 auctorem
1085 3527 1176 3596 maui-

86 3611 167 3664 mum,
188 3607 334 3657 offensum
357 3601 572 3672 iniuriarumque
595 3617 740 3653 memorem
759 3601 877 3652 animum
899 3608 1050 3671 gesturum:
1072 3596 1120 3649 sed
1139 3595 1174 3648 iis

87 3669 225 3726 oblivione
247 3673 382 3744 sepultis,
411 3673 542 3723 universis
565 3672 738 3724 securitatem
763 3671 933 3723 donaturum.
976 3671 1049 3721 llaec
1073 3667 1174 3718 Lucas:

86 3754 162 3808 quem
177 3742 270 3796 duces
292 3744 433 3812 paulisper
449 3741 619 3806 submotum,
636 3749 668 3793 ut
685 3743 830 3794 sententias
853 3741 1017 3803 corilerrent,
1034 3743 1175 3790 revocante
1236 3753 1244 3772 ·

83 3812 173 3874 aiunt,
196 3813 285 3866 Nihil
305 3813 416 3883 penitus
434 3811 545 3876 horum,
571 3811 695 3883 adquae
720 3813 868 3880 imperator
884 3815 1009 3864 hortetur
1027 3825 1058 3859 ac
1076 3821 1175 3874 provo-

83 3893 139 3944 cet,
157 3894 310 3952 praestare
328 3900 414 3954 posse.
451 3881 517 3934 Num
537 3884 626 3952 ipsum
656 3885 728 3934 intra
745 3885 853 3936 moenia
879 3883 1001 3950 recipere
1018 3875 1175 3930 haudtem-
1251 3928 1255 3939 ,

80 3955 215 4019 pustivum
238 3971 323 4016 erse,
348 3953 383 4006 ad
409 3971 444 4022 pu
483 3969 524 4004 arn
542 3969 605 4005 vero
625 3969 685 4005 eum
709 3953 758 4005 illo
776 3952 943 4006 miscendam
962 3967 1018 4002 non
1036 3951 1179 4001 exituross·

80 4027 195 4092 quodsi
226 4023 383 4085 libuisset,
400 4021 459 4075 herr
478 4024 568 4074 statim
586 4041 617 4074 ac
641 4025 761 4076 venisset
783 4025 898 4076 facturos
918 4022 1016 4074 luisse:
1041 4021 1065 4072 si
1086 4033 1174 4085 oppu-

79 4105 208 4160 gnantur,
228 4095 269 4147 dc
290 4093 436 4146 moenibus
452 4094 604 4146 necessario
621 4110 651 4145 se
665 4093 831 4146 defensuros.
850 4093 951 4163 Legure
968 4099 1060 4143 antem
1076 4103 1174 4210 puem-

76 4165 148 4230 piam
169 4166 362 4234 Byzantium,
385 4163 433 4233 qui
457 4162 491 4214 dc
515 4163 559 4216 lria
583 4163 663 4216 rebus
689 4165 881 4234 imperatorem
908 4163 1023 4224 doceat,
1046 4161 1075 4210 in
1095 4173 1174 4210 ecens
1279 4227 1282 4234 ι

78 4235 175 4293 sideri.
215 4235 298 4290 Nam
317 4251 378 4288 enm
395 4231 500 4286 subditi
519 4234 590 4295 sint,
618 4241 646 4286 et
669 4251 746 4292 nuuc,
766 4251 835 4306 quae
855 4235 903 4286 ille
920 4229 1092 4300 imperaverit
1116 4241 1175 4279 seso
