2946 4872
289 311 387 376 ιιοιι
718 279 746 355 ἰ.
776 270 951 358 rourum

289 476 402 556 dicere,
423 491 515 558 quom
530 469 555 533 ei
568 488 618 531 eas
632 464 811 551 prudentes,
833 463 987 546 copiosas,
1009 483 1231 551 nervorumque
1244 487 1278 529 ae
1291 487 1360 530 san-

184 635 189 650 ,
289 579 389 662 guinis
410 573 535 658 plenas,
574 580 605 631 et
622 567 745 630 omnino
767 559 1013 646 ρητοριτιωτὲρας
1035 563 1147 628 dixero.
1202 567 1361 630 Praeterea

289 675 341 739 hio
362 673 555 736 inveniroest
574 665 656 730 locos
669 683 843 726 communes
855 672 997 724 tractatos
1012 667 1148 748 egregie,
1177 669 1250 729 scite
1269 667 1362 747 diota,

289 775 458 860 paroemias
479 789 541 832 non
564 765 722 850 vulgares,
756 761 920 826 celebrium
944 765 1123 846 scriptorum
1145 768 1189 850 (ιιι
1210 767 1249 828 de
1272 767 1363 830 sacris

290 885 405 936 taceam
417 871 438 952 )
448 869 620 948 sententias,
648 861 770 929 fabellas
784 863 899 946 aliquot
916 861 1030 947 lepidas
1057 875 1087 926 et
1102 865 1141 928 ad
1154 887 1219 929 rem
1239 867 1363 930 demon·

290 971 443 1042 emendam
458 969 629 1052 appositas:
652 985 747 1049 quas,
777 975 812 1025 ut
830 965 899 1042 scis,
920 963 1173 1048 Philosophorum
1188 967 1232 1029 illi
1247 969 1363 1030 antisti-

290 1081 348 1150 tes,
366 1069 454 1132 Plato
476 1079 506 1130 et
521 1065 711 1158 Aristoteles,
731 1066 906 1148 neutiquam
925 1067 1157 1128 contemnendas
1176 1077 1364 1135 censuerunt.
1470 1131 1471 1134 ,

289 1171 418 1253 Capieut
433 1179 464 1230 te
479 1170 563 1247 item,
585 1187 660 1251 quas
676 1167 802 1228 strictim
818 1165 948 1247 attingit,
967 1165 1121 1228 Romanae
1133 1167 1291 1230 historiae:
1313 1189 1363 1229 ea·
1470 1157 1471 1184 ¹

135 1335 138 1344 ,
241 1309 243 1314 -
290 1273 374 1354 pient
391 1269 468 1331 varii
490 1269 585 1329 ritus:
617 1267 737 1350 capient
756 1285 831 1347 quos
855 1264 962 1324 miscet
981 1267 1153 1326 animomm
1166 1277 1278 1346 motus,
1297 1277 1364 1327 tum
1470 1299 1471 1302 ¹

283 1366 372 1431 'lenes
398 1389 434 1430 ac
455 1367 568 1448 sedati,
599 1387 674 1450 quos
696 1353 759 1446 ἤθη
782 1363 908 1441 Graeci,
941 1373 1008 1424 tum
1036 1385 1142 1447 graves
1161 1363 1207 1426 illi
1243 1375 1274 1427 et
1299 1387 1366 1426 oon·

289 1467 391 1547 citati,
421 1487 497 1550 qnos
525 1466 617 1527 iidem
643 1461 729 1546 πάθη
759 1473 889 1525 vocant:
927 1463 1047 1545 capient
1062 1463 1284 1548 'descriptiones
1305 1463 1361 1526 oli·

283 1572 365 1650 'quot
394 1568 545 1649 insignes:
567 1565 685 1648 capient
707 1561 766 1625 alia
785 1561 910 1623 vdemum
932 1561 1073 1645 plurima.
1114 1565 1230 1644 Quodsi
1263 1587 1365 1626 rerum

290 1665 419 1728 varietas
432 1663 577 1750 delectat,
608 1663 646 1725 de
666 1682 727 1746 quo
744 1682 834 1741 nemo
858 1661 996 1742 dubitat,
1026 1683 1061 1724 ea
1081 1685 1152 1725 sane
1171 1664 1221 1745 hie
1241 1665 1365 1726 mirifica

286 1765 442 1844 cerulum,
463 1776 498 1826 ut
516 1761 703 1848 singulorum
721 1761 869 1824 librorum
886 1761 1057 1845 periochae,
1078 1783 1131 1824 seu
1152 1765 1299 1847 epitomae
1318 1765 1365 1824 in-

282 1861 443 1928 dicabunt.
485 1862 644 1945 Episcopis
665 1861 784 1922 debitus
804 1859 921 1939 honos,
950 1871 981 1922 et
998 1865 1165 1923 reverentia
1185 1862 1234 1923 hie
1257 1863 1366 1924 tribui·

289 1970 351 2022 tur.
403 1959 558 2022 Catholica
579 1963 731 2039 instituta,
763 1960 1008 2043 ceremoniaeque
1035 1963 1078 2020 ita
1104 1971 1175 2022 sum
1201 1982 1255 2044 per
1277 1962 1367 2023 hosce

290 2061 385 2126 libros
408 2057 580 2142 luurlenta,
621 2069 656 2121 ut
682 2079 744 2120 non
770 2069 855 2142 optes
880 2061 984 2142 magis.
1024 2059 1184 2142 Inprimis
1213 2081 1286 2122 vero
1306 2061 1363 2122 Dei

290 2163 390 2224 Mater
413 2181 531 2222 summa
550 2161 582 2221 in
607 2159 800 2222 veneratione
825 2169 888 2219 est:
922 2159 971 2219 eui
992 2159 1083 2220 etiarn
1102 2159 1176 2222 urba
1198 2169 1263 2221 tota
1285 2158 1366 2220 Con-

279 2258 497 2343 stantinopolis
514 2279 533 2320 a
553 2257 749 2321 Constantino
768 2259 880 2342 Magno
903 2259 1080 2337 commissa,
1116 2279 1151 2320 ac
1165 2257 1300 2320 dedicata
1322 2257 1367 2319 le-

290 2361 382 2444 gitur.
431 2360 505 2425 vita
524 2360 687 2420 monastiea
713 2368 758 2419 est
781 2355 825 2418 illi
855 2355 987 2440 πρᾶγμα
1010 2353 1104 2420 καλὸν
1128 2351 1183 2420 κατ’
1209 2356 1368 2442 θεοφιλὲς,

290 2455 464 2541 ἀπράγμων
493 2457 549 2520 κατ’
569 2451 684 2537 μεστὸς
705 2449 842 2539 γαλήνης
869 2455 956 2536 βίος,
991 2449 1162 2539 ἀκρότατος
1191 2451 1279 2538 βίος,
1315 2450 1370 2516 καὶ

209 2617 212 2628 ,
289 2553 459 2640 τελεωτάτη
478 2552 635 2635 πολιτεία,
671 2547 759 2618 θεῖόν
776 2576 809 2616 τι
835 2553 947 2638 χρῆμα
979 2554 1035 2618 κοτ’
1053 2548 1154 2638 ἱερὸν,
1183 2551 1368 2639 φιλοσοφίαι,

289 2653 347 2716 κατ’
370 2653 445 2738 περὶ
466 2650 620 2739 οὐρανῶν
647 2647 842 2737 πραγμάτων
877 2653 1007 2735 puriore,
1040 2647 1131 2736 ἔργον
1150 2647 1281 2736 ,ὑψηλὸν
1314 2651 1371 2713 voi

289 2747 349 2834 τὴν
373 2749 575 2838 ἀνθρωπίνην
597 2745 788 2836 ὖπερβοΐιον
809 2747 964 2833 δύναμιν,
992 2747 1063 2838 iepu'
1082 2746 1212 2835 ἡσυχία.
1252 2750 1367 2828 idest,

290 2869 341 2913 ree
364 2853 495 2917 honesta
512 2899 526 2927 ,
569 2866 600 2916 et
626 2853 696 2917 Deo
721 2852 887 2927 amabitis,
925 2854 992 2915 uita
1018 2855 1151 2933 negotiis
1170 2869 1292 2924 vacua,
1336 2861 1368 2911 et

291 2951 531 3036 tranquillitatis
554 2951 670 3039 pleno,
706 2972 884 3036 supremum
928 2971 967 3016 οο
999 2949 1267 3035 perfectissimum¹
1282 2947 1368 3028 vitae

289 3047 489 3138 institutum,
511 3064 686 3114 resumta
723 3063 755 3112 et
769 3051 897 3122 divina,
930 3049 1152 3135 philosophia,
1174 3061 1206 3112 et
1231 3047 1370 3128 cognitio

290 3165 397 3208 rerum
416 3149 616 3222 coelestium,
647 3169 726 3232 opus
749 3149 902 3222 sublime,
942 3161 973 3210 et
995 3149 1139 3209 humanis
1163 3147 1285 3210 uiribus
1303 3165 1369 3206 mo·

289 3243 340 3304 ius
347 3286 360 3318 ,
391 3245 479 3326 quies
501 3259 619 3314 sancte.
660 3247 795 3308 Montem
812 3267 906 3328 porro
926 3246 1029 3326 Atho,
1051 3247 1090 3308 ad
1107 3267 1197 3329 quem
1212 3242 1370 3327 complura
1395 3223 1402 3240 ’

290 3341 446 3404 aedificem
470 3347 669 3424 monasteria,
702 3348 734 3406 io
751 3347 862 3428 quihus
891 3347 995 3429 ingens
1023 3346 1239 3407 monachorum
1263 3341 1370 3404 multi·

290 3439 385 3520 mdo,
414 3435 504 3504 πόλιν
524 3439 687 3526 οὐράνιον,
717 3445 881 3506 coelestem
905 3446 1061 3522 civitatem
1081 3446 1227 3509 nominat.
1267 3443 1369 3502 Fueos

290 3535 359 3600 illos
378 3539 589 3622 scholasticos,
621 3537 755 3616 καὶτὰς
776 3537 953 3625 ληκύθους,
992 3555 1023 3605 et
1046 3545 1198 3627 pigmenta
1219 3541 1370 3603 Isocrateo

289 3657 353 3700 non
372 3637 465 3702 habet
482 3639 557 3702 haee
572 3641 716 3703 historia:
746 3641 799 3704 sed
820 3653 961 3704 ornatum
979 3642 1140 3726 quemdam
1159 3639 1370 3718 matronalem,

290 3735 470 3822 virilemque
500 3759 535 3800 ae
559 3739 714 3802 robustam
731 3740 918 3824 elegantiam.
960 3741 1118 3804 Schemate
1138 3741 1285 3824 quaedam
1298 3761 1370 3801 ora-

290 3837 390 3916 toria,
423 3849 454 3900 et
472 3837 622 3900 Atticismi
642 3827 705 3902 non
727 3844 848 3922 penitus
867 3842 988 3902 absunt.
1039 3843 1158 3926 Lingua
1179 3841 1285 3924 purior
1309 3850 1369 3918 est,

291 3953 384 4016 quam
405 3957 474 4020 pro¹
487 3935 540 4000 illa
560 3949 673 4019 aetate,
702 3961 765 4002 non
788 3961 858 4002 cum
875 3940 952 4002 laete
969 3941 1095 4002 nutricia
1110 3941 1235 4019 hausta5
1263 3937 1316 3999 sed
1333 3959 1370 3999 ex

289 4031 376 4095 libris
400 4049 540 4122 percepta
564 4037 712 4106 videlicet.
769 4040 848 4100 Nam
870 4039 922 4101 illo
946 4039 1065 4101 saeculo
1093 4039 1165 4122 (suh
1186 4037 1370 4098 Andmnieis

290 4133 435 4196 nimirum
464 4147 494 4199 et
509 4137 612 4222 antea)
630 4159 691 4200 non
712 4137 903 4202 mediocriter
923 4139 1122 4222 iuihscatam,
1143 4149 1173 4200 et
1189 4137 1370 4200 mutationes

702 4233 712 4262 Ι
