<?xml version="1.0" encoding="UTF-8"?>
<!DOCTYPE html PUBLIC "-//W3C//DTD XHTML 1.0 Transitional//EN"
    "http://www.w3.org/TR/xhtml1/DTD/xhtml1-transitional.dtd">
<html xmlns="http://www.w3.org/1999/xhtml" xml:lang="en" lang="en">
 <head>
  <title>
</title>
<meta http-equiv="Content-Type" content="text/html;charset=utf-8" />
  <meta name='ocr-system' content='tesseract 3.04.00' />
  <meta name='ocr-capabilities' content='ocr_page ocr_carea ocr_par ocr_line ocrx_word'/>
</head>
<body>
  <div class='ocr_page' id='page_1' title='image "./ioanniscantacuz00niebgoog_0470.png"; bbox 0 0 2986 4862; ppageno 0'>
   <div class='ocr_carea' id='block_1_1' title="bbox 459 327 1214 432">
    <p class='ocr_par' dir='ltr' id='par_1_1' title="bbox 459 327 1214 432">
     <span class='ocr_line' id='line_1_1' title="bbox 459 327 1214 432; baseline 0.004 -20"><span class='ocrx_word' id='word_1_1' title='bbox 459 341 743 414; x_wconf 78' lang='lat' dir='ltr'>aureamento</span> <span class='ocrx_word' id='word_1_2' title='bbox 771 353 812 416; x_wconf 89' lang='lat' dir='ltr'>n.</span> <span class='ocrx_word' id='word_1_3' title='bbox 834 351 888 416; x_wconf 86' lang='lat' dir='ltr'>ao.</span> <span class='ocrx_word' id='word_1_4' title='bbox 1132 327 1214 432; x_wconf 65' lang='grc' dir='ltr'>σοι</span> 
     </span>
    </p>
   </div>
   <div class='ocr_carea' id='block_1_2' title="bbox 88 491 1366 2884">
    <p class='ocr_par' dir='ltr' id='par_1_2' title="bbox 88 491 1366 2884">
     <span class='ocr_line' id='line_1_2' title="bbox 130 491 1366 598; baseline 0.013 -37"><span class='ocrx_word' id='word_1_5' title='bbox 130 491 330 578; x_wconf 78' lang='grc' dir='ltr'><strong><em>ξονοίσονεος</em></strong></span> <span class='ocrx_word' id='word_1_6' title='bbox 348 497 414 588; x_wconf 66' lang='lat' dir='ltr'>tota</span> <span class='ocrx_word' id='word_1_7' title='bbox 428 501 458 566; x_wconf 78' lang='grc' dir='ltr'>τι</span> <span class='ocrx_word' id='word_1_8' title='bbox 479 503 554 584; x_wconf 74' lang='grc' dir='ltr'><strong><em>ἐμοὶ</em></strong></span> <span class='ocrx_word' id='word_1_9' title='bbox 571 503 706 568; x_wconf 74' lang='grc' dir='ltr'><strong><em>τοιαῦτα</em></strong></span> <span class='ocrx_word' id='word_1_10' title='bbox 725 503 944 589; x_wconf 68' lang='grc' dir='ltr'><strong><em>συμβουλεύω.</em></strong></span> <span class='ocrx_word' id='word_1_11' title='bbox 986 499 1037 573; x_wconf 80' lang='grc' dir='ltr'>ότι</span> <span class='ocrx_word' id='word_1_12' title='bbox 1056 509 1163 575; x_wconf 82' lang='grc' dir='ltr'><strong><em>τούνεν</em></strong></span> <span class='ocrx_word' id='word_1_13' title='bbox 1183 513 1253 588; x_wconf 61' lang='lat' dir='ltr'>dii.</span> <span class='ocrx_word' id='word_1_14' title='bbox 1264 519 1366 598; x_wconf 63' lang='grc' dir='ltr'><strong><em>αὐτη</em></strong></span> 
     </span>
     <span class='ocr_line' id='line_1_3' title="bbox 130 591 1218 691; baseline 0.015 -32"><span class='ocrx_word' id='word_1_15' title='bbox 130 591 240 661; x_wconf 82' lang='grc' dir='ltr'><strong><em>αύτεύν</em></strong></span> <span class='ocrx_word' id='word_1_16' title='bbox 259 597 482 665; x_wconf 77' lang='grc' dir='ltr'><strong><em>ἄποδεύενοται</em></strong></span> <span class='ocrx_word' id='word_1_17' title='bbox 500 603 565 667; x_wconf 73' lang='grc' dir='ltr'>τῶν</span> <span class='ocrx_word' id='word_1_18' title='bbox 585 599 787 687; x_wconf 77' lang='grc' dir='ltr'><strong><em>πραγμάτων,</em></strong></span> <span class='ocrx_word' id='word_1_19' title='bbox 806 599 885 688; x_wconf 78' lang='grc' dir='ltr'><strong><em>μήτε</em></strong></span> <span class='ocrx_word' id='word_1_20' title='bbox 904 601 984 691; x_wconf 86' lang='grc' dir='ltr'><strong><em>πρός</em></strong></span> <span class='ocrx_word' id='word_1_21' title='bbox 1001 605 1098 691; x_wconf 77' lang='grc' dir='ltr'><strong><em>χύριν</em></strong></span> <span class='ocrx_word' id='word_1_22' title='bbox 1116 609 1218 690; x_wconf 67' lang='lat' dir='ltr'>ipae-</span> 
     </span>
     <span class='ocr_line' id='line_1_4' title="bbox 128 691 1221 790; baseline 0.013 -32"><span class='ocrx_word' id='word_1_23' title='bbox 128 698 175 781; x_wconf 76' lang='grc' dir='ltr'><strong><em>τῷ</em></strong></span> <span class='ocrx_word' id='word_1_24' title='bbox 192 695 273 780; x_wconf 78' lang='grc' dir='ltr'><strong><em>μήτε</em></strong></span> <span class='ocrx_word' id='word_1_25' title='bbox 292 695 370 780; x_wconf 89' lang='grc' dir='ltr'><strong><em>πρός</em></strong></span> <span class='ocrx_word' id='word_1_26' title='bbox 390 691 565 781; x_wconf 74' lang='grc' dir='ltr'><strong><em>ἀπέχθειαν</em></strong></span> <span class='ocrx_word' id='word_1_27' title='bbox 586 703 693 790; x_wconf 82' lang='grc' dir='ltr'><strong><em>ε’κείνρι</em></strong></span> <span class='ocrx_word' id='word_1_28' title='bbox 715 703 834 784; x_wconf 79' lang='grc' dir='ltr'><strong><em>λέγειν,</em></strong></span> <span class='ocrx_word' id='word_1_29' title='bbox 853 705 925 768; x_wconf 75' lang='grc' dir='ltr'><strong><em>δέον</em></strong></span> <span class='ocrx_word' id='word_1_30' title='bbox 940 695 980 789; x_wconf 80' lang='grc' dir='ltr'><strong><em>ἦν</em></strong></span> <span class='ocrx_word' id='word_1_31' title='bbox 998 729 1029 770; x_wconf 87' lang='grc' dir='ltr'>τι</span> <span class='ocrx_word' id='word_1_32' title='bbox 1049 708 1112 771; x_wconf 76' lang='grc' dir='ltr'>τῶν</span> <span class='ocrx_word' id='word_1_33' title='bbox 1131 707 1221 774; x_wconf 80' lang='grc' dir='ltr'><strong><em>δεόν-</em></strong></span> 
     </span>
     <span class='ocr_line' id='line_1_5' title="bbox 128 797 1221 891; baseline 0.013 -34"><span class='ocrx_word' id='word_1_34' title='bbox 128 819 195 860; x_wconf 84' lang='grc' dir='ltr'>των</span> <span class='ocrx_word' id='word_1_35' title='bbox 212 799 382 861; x_wconf 82' lang='grc' dir='ltr'><strong><em>πειθεσθαι</em></strong></span> <span class='ocrx_word' id='word_1_36' title='bbox 403 797 558 884; x_wconf 85' lang='grc' dir='ltr'><strong><em>φαίνομαι</em></strong></span> <span class='ocrx_word' id='word_1_37' title='bbox 577 800 810 882; x_wconf 76' lang='grc' dir='ltr'><em>συμβουλεύων.</em></span> <span class='ocrx_word' id='word_1_38' title='bbox 853 799 932 888; x_wconf 82' lang='grc' dir='ltr'><strong><em>ἔφης</em></strong></span> <span class='ocrx_word' id='word_1_39' title='bbox 948 805 1112 891; x_wconf 77' lang='grc' dir='ltr'><strong><em>τοιγαροῦν</em></strong></span> <span class='ocrx_word' id='word_1_40' title='bbox 1132 807 1221 872; x_wconf 77' lang='lat' dir='ltr'>dool&#39;s</span> 
     </span>
     <span class='ocr_line' id='line_1_6' title="bbox 109 889 1312 990; baseline 0.016 -37"><span class='ocrx_word' id='word_1_41' title='bbox 109 889 223 960; x_wconf 74' lang='grc' dir='ltr'><strong><em>ὄὲνεκα</em></strong></span> <span class='ocrx_word' id='word_1_42' title='bbox 240 891 379 974; x_wconf 76' lang='grc' dir='ltr'><strong><em>μάλιστα</em></strong></span> <span class='ocrx_word' id='word_1_43' title='bbox 401 893 570 980; x_wconf 81' lang='grc' dir='ltr'><strong><em>ἐνύγεσθαι</em></strong></span> <span class='ocrx_word' id='word_1_44' title='bbox 589 895 665 984; x_wconf 81' lang='grc' dir='ltr'><strong><em>πρός</em></strong></span> <span class='ocrx_word' id='word_1_45' title='bbox 685 902 788 963; x_wconf 86' lang='grc' dir='ltr'><strong><em>τούτο·</em></strong></span> <span class='ocrx_word' id='word_1_46' title='bbox 808 901 866 964; x_wconf 83' lang='grc' dir='ltr'><strong><em>τού</em></strong></span> <span class='ocrx_word' id='word_1_47' title='bbox 879 922 913 964; x_wconf 86' lang='grc' dir='ltr'>τε</span> <span class='ocrx_word' id='word_1_48' title='bbox 930 897 975 987; x_wconf 69' lang='grc' dir='ltr'>μη</span> <span class='ocrx_word' id='word_1_49' title='bbox 993 905 1096 978; x_wconf 77' lang='grc' dir='ltr'><strong><em>κακούς</em></strong></span> <span class='ocrx_word' id='word_1_50' title='bbox 1117 896 1312 990; x_wconf 58' lang='lat' dir='ltr'>deod-Vm</span> 
     </span>
     <span class='ocr_line' id='line_1_7' title="bbox 130 989 1217 1086; baseline 0.015 -33"><span class='ocrx_word' id='word_1_51' title='bbox 130 1013 180 1056; x_wconf 89' lang='grc' dir='ltr'>ειν</span> <span class='ocrx_word' id='word_1_52' title='bbox 199 991 288 1078; x_wconf 80' lang='grc' dir='ltr'><strong><em>παρὰ</em></strong></span> <span class='ocrx_word' id='word_1_53' title='bbox 309 993 442 1078; x_wconf 77' lang='grc' dir='ltr'><strong><em>φαύλων</em></strong></span> <span class='ocrx_word' id='word_1_54' title='bbox 463 989 640 1082; x_wconf 79' lang='grc' dir='ltr'><strong><em>α’νθραύπων</em></strong></span> <span class='ocrx_word' id='word_1_55' title='bbox 661 999 715 1062; x_wconf 85' lang='grc' dir='ltr'><strong><em>καί</em></strong></span> <span class='ocrx_word' id='word_1_56' title='bbox 743 995 976 1084; x_wconf 74' lang='grc' dir='ltr'><strong><em>διεφθορότων,</em></strong></span> <span class='ocrx_word' id='word_1_57' title='bbox 1004 1004 1059 1065; x_wconf 74' lang='grc' dir='ltr'><strong><em>κατ’</em></strong></span> <span class='ocrx_word' id='word_1_58' title='bbox 1076 1004 1134 1068; x_wconf 78' lang='grc' dir='ltr'><strong><em>τοῦ</em></strong></span> <span class='ocrx_word' id='word_1_59' title='bbox 1153 1001 1217 1086; x_wconf 84' lang='grc' dir='ltr'>μύ-</span> 
     </span>
     <span class='ocr_line' id='line_1_8' title="bbox 130 1091 1218 1188; baseline 0.012 -33"><span class='ocrx_word' id='word_1_60' title='bbox 130 1097 225 1156; x_wconf 80' lang='grc' dir='ltr'><strong><em>λιστα</em></strong></span> <span class='ocrx_word' id='word_1_61' title='bbox 246 1091 420 1175; x_wconf 77' lang='grc' dir='ltr'><strong><em>βούλεσθαι</em></strong></span> <span class='ocrx_word' id='word_1_62' title='bbox 449 1098 511 1160; x_wconf 74' lang='grc' dir='ltr'>τῶν</span> <span class='ocrx_word' id='word_1_63' title='bbox 536 1093 616 1183; x_wconf 87' lang='grc' dir='ltr'><strong><em>πρός</em></strong></span> <span class='ocrx_word' id='word_1_64' title='bbox 636 1099 717 1162; x_wconf 73' lang='lat' dir='ltr'>attat</span> <span class='ocrx_word' id='word_1_65' title='bbox 739 1097 794 1163; x_wconf 76' lang='grc' dir='ltr'><strong><em>καί</em></strong></span> <span class='ocrx_word' id='word_1_66' title='bbox 820 1095 915 1183; x_wconf 70' lang='grc' dir='ltr'><strong><em>τιμὴν</em></strong></span> <span class='ocrx_word' id='word_1_67' title='bbox 933 1101 988 1166; x_wconf 70' lang='grc' dir='ltr'><strong><em>κατ’</em></strong></span> <span class='ocrx_word' id='word_1_68' title='bbox 1006 1098 1124 1188; x_wconf 77' lang='grc' dir='ltr'><strong><em>ἡδονὴν</em></strong></span> <span class='ocrx_word' id='word_1_69' title='bbox 1145 1105 1218 1170; x_wconf 73' lang='lat' dir='ltr'>doo-</span> 
     </span>
     <span class='ocr_line' id='line_1_9' title="bbox 130 1187 1228 1287; baseline 0.012 -33"><span class='ocrx_word' id='word_1_70' title='bbox 130 1189 236 1271; x_wconf 79' lang='grc' dir='ltr'><strong><em>μένων</em></strong></span> <span class='ocrx_word' id='word_1_71' title='bbox 255 1196 399 1276; x_wconf 73' lang='grc' dir='ltr'><strong><em>βασιλεῖ,</em></strong></span> <span class='ocrx_word' id='word_1_72' title='bbox 428 1187 503 1277; x_wconf 88' lang='grc' dir='ltr'><strong><em>ύ,τι</em></strong></span> <span class='ocrx_word' id='word_1_73' title='bbox 532 1189 574 1260; x_wconf 79' lang='grc' dir='ltr'><strong><em>όν</em></strong></span> <span class='ocrx_word' id='word_1_74' title='bbox 591 1197 646 1284; x_wconf 78' lang='grc' dir='ltr'>ἐξῇ</span> <span class='ocrx_word' id='word_1_75' title='bbox 666 1205 777 1264; x_wconf 79' lang='grc' dir='ltr'><strong><em>ποιεῖν·</em></strong></span> <span class='ocrx_word' id='word_1_76' title='bbox 807 1195 844 1263; x_wconf 84' lang='grc' dir='ltr'><strong><em>τό</em></strong></span> <span class='ocrx_word' id='word_1_77' title='bbox 865 1201 926 1282; x_wconf 77' lang='grc' dir='ltr'><strong><em>μέν</em></strong></span> <span class='ocrx_word' id='word_1_78' title='bbox 946 1193 1005 1266; x_wconf 87' lang='grc' dir='ltr'><strong><em>σύν</em></strong></span> <span class='ocrx_word' id='word_1_79' title='bbox 1025 1200 1228 1287; x_wconf 87' lang='grc' dir='ltr'>θεραπεύεινΙ</span> 
     </span>
     <span class='ocr_line' id='line_1_10' title="bbox 130 1291 1313 1388; baseline 0.016 -35"><span class='ocrx_word' id='word_1_80' title='bbox 130 1293 281 1376; x_wconf 80' lang='grc' dir='ltr'><strong><em>βασιλέα,</em></strong></span> <span class='ocrx_word' id='word_1_81' title='bbox 311 1291 434 1358; x_wconf 85' lang='grc' dir='ltr'><strong><em>δίκαιόν</em></strong></span> <span class='ocrx_word' id='word_1_82' title='bbox 463 1318 498 1358; x_wconf 86' lang='grc' dir='ltr'>τε</span> <span class='ocrx_word' id='word_1_83' title='bbox 527 1295 625 1382; x_wconf 84' lang='grc' dir='ltr'><strong><em>φαίην</em></strong></span> <span class='ocrx_word' id='word_1_84' title='bbox 655 1291 696 1362; x_wconf 84' lang='grc' dir='ltr'><strong><em>ύν</em></strong></span> <span class='ocrx_word' id='word_1_85' title='bbox 716 1295 771 1363; x_wconf 81' lang='grc' dir='ltr'><strong><em>καί</em></strong></span> <span class='ocrx_word' id='word_1_86' title='bbox 789 1291 886 1374; x_wconf 86' lang='grc' dir='ltr'><strong><em>αύτός</em></strong></span> <span class='ocrx_word' id='word_1_87' title='bbox 906 1298 962 1364; x_wconf 77' lang='grc' dir='ltr'><strong><em>καί</em></strong></span> <span class='ocrx_word' id='word_1_88' title='bbox 979 1301 1034 1365; x_wconf 74' lang='grc' dir='ltr'>σοί</span> <span class='ocrx_word' id='word_1_89' title='bbox 1051 1303 1313 1388; x_wconf 49' lang='lat' dir='ltr'>ravennatense</span> 
     </span>
     <span class='ocr_line' id='line_1_11' title="bbox 90 1388 1218 1485; baseline 0.013 -36"><span class='ocrx_word' id='word_1_90' title='bbox 90 1388 235 1467; x_wconf 81' lang='grc' dir='ltr'><strong><em>ιοὲξεστι</em></strong></span> <span class='ocrx_word' id='word_1_91' title='bbox 254 1393 291 1457; x_wconf 81' lang='grc' dir='ltr'>δὲ</span> <span class='ocrx_word' id='word_1_92' title='bbox 310 1399 435 1470; x_wconf 80' lang='grc' dir='ltr'><strong><em>πολλοῖς</em></strong></span> <span class='ocrx_word' id='word_1_93' title='bbox 455 1391 580 1480; x_wconf 80' lang='grc' dir='ltr'><strong><em>πρόπας</em></strong></span> <span class='ocrx_word' id='word_1_94' title='bbox 606 1395 845 1463; x_wconf 70' lang='grc' dir='ltr'><strong><em>ἐπιδείκνυσθαι</em></strong></span> <span class='ocrx_word' id='word_1_95' title='bbox 863 1396 919 1484; x_wconf 76' lang='grc' dir='ltr'>τὴν</span> <span class='ocrx_word' id='word_1_96' title='bbox 939 1399 1123 1485; x_wconf 86' lang='grc' dir='ltr'><strong><em>θεραπείαν.</em></strong></span> <span class='ocrx_word' id='word_1_97' title='bbox 1164 1397 1218 1484; x_wconf 91' lang='grc' dir='ltr'><strong><em>τύ,</em></strong></span> 
     </span>
     <span class='ocr_line' id='line_1_12' title="bbox 129 1490 1220 1585; baseline 0.01 -30"><span class='ocrx_word' id='word_1_98' title='bbox 129 1515 166 1556; x_wconf 85' lang='grc' dir='ltr'>τε</span> <span class='ocrx_word' id='word_1_99' title='bbox 185 1490 247 1578; x_wconf 80' lang='grc' dir='ltr'>γὰρ</span> <span class='ocrx_word' id='word_1_100' title='bbox 277 1497 373 1582; x_wconf 80' lang='grc' dir='ltr'><strong><em>τιμᾴν</em></strong></span> <span class='ocrx_word' id='word_1_101' title='bbox 401 1495 443 1572; x_wconf 77' lang='grc' dir='ltr'>ὥς</span> <span class='ocrx_word' id='word_1_102' title='bbox 464 1497 586 1583; x_wconf 72' lang='grc' dir='ltr'><strong><em>πατέρα</em></strong></span> <span class='ocrx_word' id='word_1_103' title='bbox 614 1498 784 1581; x_wconf 83' lang='grc' dir='ltr'><strong><em>α’ναγκαῖον</em></strong></span> <span class='ocrx_word' id='word_1_104' title='bbox 804 1499 861 1564; x_wconf 79' lang='grc' dir='ltr'><strong><em>καί</em></strong></span> <span class='ocrx_word' id='word_1_105' title='bbox 884 1496 921 1564; x_wconf 89' lang='grc' dir='ltr'><strong><em>τό</em></strong></span> <span class='ocrx_word' id='word_1_106' title='bbox 944 1499 1095 1585; x_wconf 89' lang='grc' dir='ltr'><strong><em>πρόνοιαν</em></strong></span> <span class='ocrx_word' id='word_1_107' title='bbox 1115 1493 1220 1566; x_wconf 84' lang='grc' dir='ltr'><strong><em>αύτού</em></strong></span> 
     </span>
     <span class='ocr_line' id='line_1_13' title="bbox 129 1589 1219 1683; baseline 0.008 -28"><span class='ocrx_word' id='word_1_108' title='bbox 129 1590 188 1676; x_wconf 68' lang='grc' dir='ltr'><strong><em>τὴν</em></strong></span> <span class='ocrx_word' id='word_1_109' title='bbox 218 1589 356 1678; x_wconf 70' lang='grc' dir='ltr'><strong><em>δυνατὴν</em></strong></span> <span class='ocrx_word' id='word_1_110' title='bbox 380 1601 542 1660; x_wconf 83' lang='grc' dir='ltr'><strong><em>ποιεῖσθαι</em></strong></span> <span class='ocrx_word' id='word_1_111' title='bbox 571 1590 645 1662; x_wconf 78' lang='grc' dir='ltr'><strong><em>ὥστ’</em></strong></span> <span class='ocrx_word' id='word_1_112' title='bbox 672 1591 770 1662; x_wconf 88' lang='grc' dir='ltr'><strong><em>αύτόν</em></strong></span> <span class='ocrx_word' id='word_1_113' title='bbox 799 1619 835 1662; x_wconf 83' lang='grc' dir='ltr'>τε</span> <span class='ocrx_word' id='word_1_114' title='bbox 855 1597 911 1664; x_wconf 83' lang='grc' dir='ltr'><strong><em>καί</em></strong></span> <span class='ocrx_word' id='word_1_115' title='bbox 929 1597 1080 1664; x_wconf 84' lang='grc' dir='ltr'><strong><em>οἰκετικόν</em></strong></span> <span class='ocrx_word' id='word_1_116' title='bbox 1100 1597 1219 1683; x_wconf 79' lang='grc' dir='ltr'><strong><em>όιύγειν</em></strong></span> 
     </span>
     <span class='ocr_line' id='line_1_14' title="bbox 130 1691 1220 1787; baseline 0.005 -31"><span class='ocrx_word' id='word_1_117' title='bbox 130 1693 166 1757; x_wconf 75' lang='grc' dir='ltr'><strong><em>ἓν</em></strong></span> <span class='ocrx_word' id='word_1_118' title='bbox 187 1691 352 1778; x_wconf 84' lang='grc' dir='ltr'><strong><em>α’φθύνοις.</em></strong></span> <span class='ocrx_word' id='word_1_119' title='bbox 374 1695 405 1758; x_wconf 81' lang='grc' dir='ltr'>εἰ</span> <span class='ocrx_word' id='word_1_120' title='bbox 415 1693 452 1780; x_wconf 71' lang='lat' dir='ltr'>dr}</span> <span class='ocrx_word' id='word_1_121' title='bbox 472 1693 511 1760; x_wconf 84' lang='grc' dir='ltr'><strong><em>τοὶ</em></strong></span> <span class='ocrx_word' id='word_1_122' title='bbox 525 1695 759 1780; x_wconf 78' lang='grc' dir='ltr'><strong><em>ύποτετσγμένα</em></strong></span> <span class='ocrx_word' id='word_1_123' title='bbox 778 1696 932 1782; x_wconf 77' lang='grc' dir='ltr'><strong><em>χρήματα</em></strong></span> <span class='ocrx_word' id='word_1_124' title='bbox 952 1698 1039 1787; x_wconf 71' lang='grc' dir='ltr'><strong><em>αύτῷ</em></strong></span> <span class='ocrx_word' id='word_1_125' title='bbox 1056 1701 1111 1782; x_wconf 83' lang='grc' dir='ltr'><strong><em>τῆς</em></strong></span> <span class='ocrx_word' id='word_1_126' title='bbox 1129 1699 1220 1782; x_wconf 64' lang='grc' dir='ltr'><strong><em>χρεία</em></strong></span> 
     </span>
     <span class='ocr_line' id='line_1_15' title="bbox 104 1787 1220 1881; baseline 0.006 -27"><span class='ocrx_word' id='word_1_127' title='bbox 104 1847 109 1863; x_wconf 87' lang='grc'><strong><em>,</em></strong></span> <span class='ocrx_word' id='word_1_128' title='bbox 131 1816 172 1868; x_wconf 85' lang='grc' dir='ltr'><strong><em>ας</em></strong></span> <span class='ocrx_word' id='word_1_129' title='bbox 192 1793 280 1856; x_wconf 77' lang='grc' dir='ltr'><strong><em>δοκεῖ</em></strong></span> <span class='ocrx_word' id='word_1_130' title='bbox 295 1791 420 1859; x_wconf 78' lang='grc' dir='ltr'><strong><em>ἐλάσσω</em></strong></span> <span class='ocrx_word' id='word_1_131' title='bbox 441 1789 537 1877; x_wconf 79' lang='grc' dir='ltr'><strong><em>εἶναι,</em></strong></span> <span class='ocrx_word' id='word_1_132' title='bbox 560 1797 682 1881; x_wconf 83' lang='grc' dir='ltr'><strong><em>φθόνος</em></strong></span> <span class='ocrx_word' id='word_1_133' title='bbox 710 1793 816 1872; x_wconf 67' lang='lat' dir='ltr'>addela</span> <span class='ocrx_word' id='word_1_134' title='bbox 835 1799 891 1862; x_wconf 82' lang='grc' dir='ltr'><strong><em>καί</em></strong></span> <span class='ocrx_word' id='word_1_135' title='bbox 918 1797 1011 1881; x_wconf 75' lang='grc' dir='ltr'><strong><em>ἕτερα</em></strong></span> <span class='ocrx_word' id='word_1_136' title='bbox 1039 1787 1220 1881; x_wconf 78' lang='grc' dir='ltr'><strong><em>τοσαύταῆ</em></strong></span> 
     </span>
     <span class='ocr_line' id='line_1_16' title="bbox 93 1888 1219 1986; baseline 0.01 -35"><span class='ocrx_word' id='word_1_137' title='bbox 93 1891 188 1956; x_wconf 78' lang='grc' dir='ltr'>15καί</span> <span class='ocrx_word' id='word_1_138' title='bbox 207 1893 363 1958; x_wconf 76' lang='grc' dir='ltr'><strong><em>διπλασίω</em></strong></span> <span class='ocrx_word' id='word_1_139' title='bbox 398 1898 614 1982; x_wconf 79' lang='grc' dir='ltr'><strong><em>προστιθέναι·</em></strong></span> <span class='ocrx_word' id='word_1_140' title='bbox 648 1897 704 1960; x_wconf 72' lang='grc' dir='ltr'><strong><em>κατ’</em></strong></span> <span class='ocrx_word' id='word_1_141' title='bbox 731 1899 812 1982; x_wconf 69' lang='grc' dir='ltr'><strong><em>ἕτερ’</em></strong></span> <span class='ocrx_word' id='word_1_142' title='bbox 843 1888 923 1962; x_wconf 71' lang='lat' dir='ltr'>deta</span> <span class='ocrx_word' id='word_1_143' title='bbox 950 1890 1078 1986; x_wconf 76' lang='grc' dir='ltr'><strong><em>ύαύτῷ</em></strong></span> <span class='ocrx_word' id='word_1_144' title='bbox 1096 1898 1157 1979; x_wconf 81' lang='grc' dir='ltr'><strong><em>μὲν</em></strong></span> <span class='ocrx_word' id='word_1_145' title='bbox 1177 1891 1219 1962; x_wconf 75' lang='lat' dir='ltr'>dv</span> 
     </span>
     <span class='ocr_line' id='line_1_17' title="bbox 129 1989 1220 2090; baseline 0.005 -36"><span class='ocrx_word' id='word_1_146' title='bbox 129 1989 180 2076; x_wconf 82' lang='grc' dir='ltr'><strong><em>εἴη</em></strong></span> <span class='ocrx_word' id='word_1_147' title='bbox 200 1997 274 2057; x_wconf 76' lang='grc' dir='ltr'><strong><em>καθ’</em></strong></span> <span class='ocrx_word' id='word_1_148' title='bbox 293 1991 425 2079; x_wconf 70' lang='grc' dir='ltr'><strong><em>ἡδονὴν,</em></strong></span> <span class='ocrx_word' id='word_1_149' title='bbox 442 1993 567 2080; x_wconf 76' lang='grc' dir='ltr'><strong><em>’βλάβην</em></strong></span> <span class='ocrx_word' id='word_1_150' title='bbox 595 1997 630 2060; x_wconf 80' lang='grc' dir='ltr'>δὲ</span> <span class='ocrx_word' id='word_1_151' title='bbox 658 1990 777 2090; x_wconf 67' lang='grc' dir='ltr'><strong><em>ἑτέροις</em></strong></span> <span class='ocrx_word' id='word_1_152' title='bbox 800 1993 846 2082; x_wconf 73' lang='grc' dir='ltr'>μὴ</span> <span class='ocrx_word' id='word_1_153' title='bbox 867 2000 1003 2085; x_wconf 75' lang='grc' dir='ltr'><strong><em>παρέχη.</em></strong></span> <span class='ocrx_word' id='word_1_154' title='bbox 1021 1990 1171 2083; x_wconf 69' lang='grc' dir='ltr'><strong><em>ἄρχοντα,</em></strong></span> <span class='ocrx_word' id='word_1_155' title='bbox 1183 1997 1220 2060; x_wconf 78' lang='grc' dir='ltr'>δὲ</span> 
     </span>
     <span class='ocr_line' id='line_1_18' title="bbox 131 2087 1219 2182; baseline 0.005 -26"><span class='ocrx_word' id='word_1_156' title='bbox 131 2090 355 2158; x_wconf 72' lang='grc' dir='ltr'><strong><em>ἀποδεικνύναι</em></strong></span> <span class='ocrx_word' id='word_1_157' title='bbox 373 2096 437 2158; x_wconf 75' lang='grc' dir='ltr'>τῶν</span> <span class='ocrx_word' id='word_1_158' title='bbox 464 2093 676 2182; x_wconf 79' lang='grc' dir='ltr'><strong><em>πραγμάτων,</em></strong></span> <span class='ocrx_word' id='word_1_159' title='bbox 707 2087 774 2160; x_wconf 69' lang='grc' dir='ltr'><strong><em>πύκ’</em></strong></span> <span class='ocrx_word' id='word_1_160' title='bbox 794 2089 834 2161; x_wconf 73' lang='lat' dir='ltr'>dr</span> <span class='ocrx_word' id='word_1_161' title='bbox 859 2092 954 2173; x_wconf 85' lang='grc' dir='ltr'><strong><em>αύτός</em></strong></span> <span class='ocrx_word' id='word_1_162' title='bbox 972 2095 1136 2182; x_wconf 76' lang='grc' dir='ltr'><strong><em>πεισθείην</em></strong></span> <span class='ocrx_word' id='word_1_163' title='bbox 1154 2095 1219 2161; x_wconf 60' lang='lat' dir='ltr'>aa»</span> 
     </span>
     <span class='ocr_line' id='line_1_19' title="bbox 131 2189 1218 2285; baseline 0.005 -29"><span class='ocrx_word' id='word_1_164' title='bbox 131 2195 221 2279; x_wconf 77' lang='grc' dir='ltr'><strong><em>κοινῇ</em></strong></span> <span class='ocrx_word' id='word_1_165' title='bbox 241 2191 604 2278; x_wconf 80' lang='grc' dir='ltr'><strong><em>λασιτελούνεωνείναι,</em></strong></span> <span class='ocrx_word' id='word_1_166' title='bbox 632 2189 707 2260; x_wconf 75' lang='grc' dir='ltr'><strong><em>οὔθ’</em></strong></span> <span class='ocrx_word' id='word_1_167' title='bbox 722 2189 832 2285; x_wconf 75' lang='grc' dir='ltr'>Ιἑτέρῳ</span> <span class='ocrx_word' id='word_1_168' title='bbox 851 2195 1132 2281; x_wconf 77' lang='grc' dir='ltr'><strong><em>σσμβοολεύσαιμι.</em></strong></span> <span class='ocrx_word' id='word_1_169' title='bbox 1153 2198 1218 2261; x_wconf 78' lang='grc' dir='ltr'><strong><em>τεόν</em></strong></span> 
     </span>
     <span class='ocr_line' id='line_1_20' title="bbox 131 2288 1219 2382; baseline 0.002 -26"><span class='ocrx_word' id='word_1_170' title='bbox 131 2295 236 2358; x_wconf 76' lang='grc' dir='ltr'><strong><em>κακῶν</em></strong></span> <span class='ocrx_word' id='word_1_171' title='bbox 268 2295 303 2358; x_wconf 83' lang='grc' dir='ltr'>δὲ</span> <span class='ocrx_word' id='word_1_172' title='bbox 323 2289 448 2374; x_wconf 65' lang='lat' dir='ltr'>{oddara</span> <span class='ocrx_word' id='word_1_173' title='bbox 478 2299 570 2380; x_wconf 77' lang='grc' dir='ltr'><strong><em>λόγον</em></strong></span> <span class='ocrx_word' id='word_1_174' title='bbox 601 2295 708 2378; x_wconf 86' lang='grc' dir='ltr'><strong><em>οἴομαι</em></strong></span> <span class='ocrx_word' id='word_1_175' title='bbox 728 2301 891 2363; x_wconf 75' lang='grc' dir='ltr'><strong><em>ποιεῖσθαι</em></strong></span> <span class='ocrx_word' id='word_1_176' title='bbox 911 2299 992 2362; x_wconf 83' lang='grc' dir='ltr'><strong><em>δεῖν.</em></strong></span> <span class='ocrx_word' id='word_1_177' title='bbox 1032 2288 1219 2382; x_wconf 78' lang='grc' dir='ltr'><strong><em>ἢσχέτλιον</em></strong></span> 
     </span>
     <span class='ocr_line' id='line_1_21' title="bbox 88 2387 1247 2482; baseline 0 -26"><span class='ocrx_word' id='word_1_178' title='bbox 88 2387 171 2457; x_wconf 69' lang='lat' dir='ltr'>noda</span> <span class='ocrx_word' id='word_1_179' title='bbox 202 2389 269 2477; x_wconf 77' lang='grc' dir='ltr'><strong><em>εἴη,</em></strong></span> <span class='ocrx_word' id='word_1_180' title='bbox 298 2395 328 2458; x_wconf 82' lang='grc' dir='ltr'>εἰ</span> <span class='ocrx_word' id='word_1_181' title='bbox 347 2395 410 2460; x_wconf 78' lang='grc' dir='ltr'>τῶν</span> <span class='ocrx_word' id='word_1_182' title='bbox 439 2397 499 2476; x_wconf 80' lang='grc' dir='ltr'><strong><em>μέν</em></strong></span> <span class='ocrx_word' id='word_1_183' title='bbox 521 2391 653 2478; x_wconf 79' lang='grc' dir='ltr'><strong><em>οἷγαθιύν</em></strong></span> <span class='ocrx_word' id='word_1_184' title='bbox 674 2391 787 2461; x_wconf 79' lang='grc' dir='ltr'><strong><em>ούύὲνα</em></strong></span> <span class='ocrx_word' id='word_1_185' title='bbox 808 2393 1005 2482; x_wconf 78' lang='grc' dir='ltr'><strong><em>ποιησόμεθα</em></strong></span> <span class='ocrx_word' id='word_1_186' title='bbox 1025 2396 1131 2480; x_wconf 82' lang='grc' dir='ltr'><strong><em>λόγον,</em></strong></span> <span class='ocrx_word' id='word_1_187' title='bbox 1152 2400 1247 2469; x_wconf 65' lang='lat' dir='ltr'>rotet</span> 
     </span>
     <span class='ocr_line' id='line_1_22' title="bbox 130 2490 1222 2581; baseline 0.002 -25"><span class='ocrx_word' id='word_1_188' title='bbox 130 2493 167 2556; x_wconf 78' lang='grc' dir='ltr'>δέ</span> <span class='ocrx_word' id='word_1_189' title='bbox 187 2501 292 2569; x_wconf 78' lang='grc' dir='ltr'><strong><em>κακοῖς</em></strong></span> <span class='ocrx_word' id='word_1_190' title='bbox 323 2495 477 2560; x_wconf 78' lang='grc' dir='ltr'><strong><em>τοσοῦτον</em></strong></span> <span class='ocrx_word' id='word_1_191' title='bbox 496 2493 722 2581; x_wconf 80' lang='grc' dir='ltr'><strong><em>χαριούμεθα,</em></strong></span> <span class='ocrx_word' id='word_1_192' title='bbox 754 2492 834 2560; x_wconf 69' lang='grc' dir='ltr'><strong><em>ὥστε</em></strong></span> <span class='ocrx_word' id='word_1_193' title='bbox 860 2495 916 2560; x_wconf 77' lang='grc' dir='ltr'><strong><em>καὶ</em></strong></span> <span class='ocrx_word' id='word_1_194' title='bbox 942 2490 964 2561; x_wconf 78' lang='grc' dir='ltr'><strong><em>ό</em></strong></span> <span class='ocrx_word' id='word_1_195' title='bbox 998 2495 1145 2579; x_wconf 78' lang='grc' dir='ltr'><strong><em>λυσιτελῆ</em></strong></span> <span class='ocrx_word' id='word_1_196' title='bbox 1165 2495 1222 2558; x_wconf 73' lang='grc' dir='ltr'><strong><em>καί</em></strong></span> 
     </span>
     <span class='ocr_line' id='line_1_23' title="bbox 130 2584 1220 2678; baseline 0 -24"><span class='ocrx_word' id='word_1_197' title='bbox 130 2591 240 2656; x_wconf 83' lang='grc' dir='ltr'><strong><em>δίκαια</em></strong></span> <span class='ocrx_word' id='word_1_198' title='bbox 261 2593 415 2676; x_wconf 71' lang='grc' dir='ltr'><strong><em>δοκοῦμεν</em></strong></span> <span class='ocrx_word' id='word_1_199' title='bbox 434 2587 534 2678; x_wconf 79' lang='grc' dir='ltr'><strong><em>εἶναι,</em></strong></span> <span class='ocrx_word' id='word_1_200' title='bbox 567 2597 663 2658; x_wconf 78' lang='grc' dir='ltr'><strong><em>ταῦθ’</em></strong></span> <span class='ocrx_word' id='word_1_201' title='bbox 683 2588 805 2670; x_wconf 77' lang='grc' dir='ltr'><strong><em>ἑκόντες</em></strong></span> <span class='ocrx_word' id='word_1_202' title='bbox 826 2585 913 2670; x_wconf 82' lang='grc' dir='ltr'><strong><em>ύντες</em></strong></span> <span class='ocrx_word' id='word_1_203' title='bbox 932 2591 1138 2678; x_wconf 87' lang='grc' dir='ltr'><strong><em>προησόμεθα</em></strong></span> <span class='ocrx_word' id='word_1_204' title='bbox 1159 2584 1220 2654; x_wconf 91' lang='grc' dir='ltr'><strong><em>αύ-</em></strong></span> 
     </span>
     <span class='ocr_line' id='line_1_24' title="bbox 131 2680 1222 2782; baseline -0.004 -27"><span class='ocrx_word' id='word_1_205' title='bbox 131 2698 209 2768; x_wconf 78' lang='grc' dir='ltr'>τοῖς.</span> <span class='ocrx_word' id='word_1_206' title='bbox 250 2693 329 2779; x_wconf 82' lang='grc' dir='ltr'><strong><em>φέρε</em></strong></span> <span class='ocrx_word' id='word_1_207' title='bbox 352 2680 417 2778; x_wconf 63' lang='grc' dir='ltr'><strong><em>’γὰρ</em></strong></span> <span class='ocrx_word' id='word_1_208' title='bbox 446 2691 524 2782; x_wconf 78' lang='grc' dir='ltr'><strong><em>πρός</em></strong></span> <span class='ocrx_word' id='word_1_209' title='bbox 544 2695 641 2774; x_wconf 79' lang='grc' dir='ltr'><strong><em>θεοῦ,</em></strong></span> <span class='ocrx_word' id='word_1_210' title='bbox 674 2690 709 2757; x_wconf 77' lang='grc' dir='ltr'>εἴ</span> <span class='ocrx_word' id='word_1_211' title='bbox 733 2712 769 2776; x_wconf 92' lang='grc' dir='ltr'>γε</span> <span class='ocrx_word' id='word_1_212' title='bbox 790 2689 907 2769; x_wconf 76' lang='grc' dir='ltr'><strong><em>πάντες</em></strong></span> <span class='ocrx_word' id='word_1_213' title='bbox 936 2691 966 2756; x_wconf 81' lang='grc' dir='ltr'>ού</span> <span class='ocrx_word' id='word_1_214' title='bbox 986 2688 1061 2768; x_wconf 86' lang='grc' dir='ltr'><strong><em>τούς</em></strong></span> <span class='ocrx_word' id='word_1_215' title='bbox 1080 2687 1222 2774; x_wconf 83' lang='grc' dir='ltr'><strong><em>τρόπους</em></strong></span> 
     </span>
     <span class='ocr_line' id='line_1_25' title="bbox 131 2782 1219 2884; baseline 0 -30"><span class='ocrx_word' id='word_1_216' title='bbox 131 2782 252 2876; x_wconf 69' lang='lat' dir='ltr'>dyonea·</span> <span class='ocrx_word' id='word_1_217' title='bbox 269 2789 435 2879; x_wconf 80' lang='grc' dir='ltr'><strong><em>ἐκκλησίαν</em></strong></span> <span class='ocrx_word' id='word_1_218' title='bbox 445 2793 709 2881; x_wconf 82' lang='grc' dir='ltr'><strong><em>συναθροίσαντες</em></strong></span> <span class='ocrx_word' id='word_1_219' title='bbox 713 2841 725 2876; x_wconf 91' lang='grc'><strong><em>,</em></strong></span> <span class='ocrx_word' id='word_1_220' title='bbox 744 2790 830 2878; x_wconf 72' lang='grc' dir='ltr'><strong><em>ἡμᾶς</em></strong></span> <span class='ocrx_word' id='word_1_221' title='bbox 849 2789 905 2858; x_wconf 80' lang='grc' dir='ltr'><strong><em>ε’πί</em></strong></span> <span class='ocrx_word' id='word_1_222' title='bbox 923 2789 992 2884; x_wconf 81' lang='grc' dir='ltr'><strong><em>δίκη</em></strong></span> <span class='ocrx_word' id='word_1_223' title='bbox 1006 2792 1219 2877; x_wconf 76' lang='grc' dir='ltr'><strong><em>προκαλσῖνεο,</em></strong></span> 
     </span>
    </p>
   </div>
   <div class='ocr_carea' id='block_1_3' title="bbox 129 2987 1223 4334">
    <p class='ocr_par' dir='ltr' id='par_1_3' title="bbox 129 2987 1223 4334">
     <span class='ocr_line' id='line_1_26' title="bbox 129 2987 1217 3068; baseline -0.004 -24"><span class='ocrx_word' id='word_1_224' title='bbox 129 2991 194 3045; x_wconf 78' lang='lat' dir='ltr'>Non</span> <span class='ocrx_word' id='word_1_225' title='bbox 207 2993 291 3064; x_wconf 75' lang='lat' dir='ltr'>igitur</span> <span class='ocrx_word' id='word_1_226' title='bbox 307 2999 337 3047; x_wconf 86' lang='lat' dir='ltr'>ut</span> <span class='ocrx_word' id='word_1_227' title='bbox 355 2993 419 3047; x_wconf 88' lang='lat' dir='ltr'>inde</span> <span class='ocrx_word' id='word_1_228' title='bbox 437 2996 540 3068; x_wconf 80' lang='lat' dir='ltr'>privata</span> <span class='ocrx_word' id='word_1_229' title='bbox 555 2993 589 3049; x_wconf 90' lang='lat' dir='ltr'>ad</span> <span class='ocrx_word' id='word_1_230' title='bbox 605 3009 649 3048; x_wconf 89' lang='lat' dir='ltr'>me</span> <span class='ocrx_word' id='word_1_231' title='bbox 662 2993 757 3048; x_wconf 84' lang='lat' dir='ltr'>redeat</span> <span class='ocrx_word' id='word_1_232' title='bbox 774 2992 890 3056; x_wconf 88' lang='lat' dir='ltr'>utilitas,</span> <span class='ocrx_word' id='word_1_233' title='bbox 907 2993 960 3045; x_wconf 86' lang='lat' dir='ltr'>hoe</span> <span class='ocrx_word' id='word_1_234' title='bbox 974 2989 1044 3045; x_wconf 84' lang='lat' dir='ltr'>dabo</span> <span class='ocrx_word' id='word_1_235' title='bbox 1064 2987 1217 3044; x_wconf 85' lang='lat' dir='ltr'>eonsilium.</span> 
     </span>
     <span class='ocr_line' id='line_1_27' title="bbox 130 3063 1217 3138; baseline -0.006 -22"><span class='ocrx_word' id='word_1_236' title='bbox 130 3063 166 3116; x_wconf 82' lang='lat' dir='ltr'>Et</span> <span class='ocrx_word' id='word_1_237' title='bbox 187 3067 253 3136; x_wconf 87' lang='lat' dir='ltr'>quia</span> <span class='ocrx_word' id='word_1_238' title='bbox 274 3083 307 3117; x_wconf 80' lang='lat' dir='ltr'>ex</span> <span class='ocrx_word' id='word_1_239' title='bbox 329 3066 409 3118; x_wconf 88' lang='lat' dir='ltr'>rebus</span> <span class='ocrx_word' id='word_1_240' title='bbox 430 3069 495 3136; x_wconf 84' lang='lat' dir='ltr'>ipsis</span> <span class='ocrx_word' id='word_1_241' title='bbox 516 3068 619 3138; x_wconf 87' lang='lat' dir='ltr'>liquet,</span> <span class='ocrx_word' id='word_1_242' title='bbox 645 3081 688 3118; x_wconf 83' lang='lat' dir='ltr'>me</span> <span class='ocrx_word' id='word_1_243' title='bbox 707 3081 797 3137; x_wconf 72' lang='lat' dir='ltr'>neque</span> <span class='ocrx_word' id='word_1_244' title='bbox 823 3063 890 3117; x_wconf 87' lang='lat' dir='ltr'>mihi</span> <span class='ocrx_word' id='word_1_245' title='bbox 915 3063 950 3115; x_wconf 90' lang='lat' dir='ltr'>nd</span> <span class='ocrx_word' id='word_1_246' title='bbox 970 3065 1099 3132; x_wconf 77' lang='lat' dir='ltr'>gratiam,</span> <span class='ocrx_word' id='word_1_247' title='bbox 1126 3075 1217 3130; x_wconf 88' lang='lat' dir='ltr'>neque</span> 
     </span>
     <span class='ocr_line' id='line_1_28' title="bbox 130 3130 1218 3214; baseline -0.004 -30"><span class='ocrx_word' id='word_1_248' title='bbox 130 3133 175 3186; x_wconf 87' lang='lat' dir='ltr'>ilii</span> <span class='ocrx_word' id='word_1_249' title='bbox 201 3135 236 3186; x_wconf 90' lang='lat' dir='ltr'>ad</span> <span class='ocrx_word' id='word_1_250' title='bbox 258 3135 390 3188; x_wconf 78' lang='lat' dir='ltr'>invidiam</span> <span class='ocrx_word' id='word_1_251' title='bbox 407 3139 490 3189; x_wconf 86' lang='lat' dir='ltr'>verba</span> <span class='ocrx_word' id='word_1_252' title='bbox 516 3139 617 3202; x_wconf 83' lang='lat' dir='ltr'>iacere,</span> <span class='ocrx_word' id='word_1_253' title='bbox 646 3153 764 3207; x_wconf 88' lang='lat' dir='ltr'>aequum</span> <span class='ocrx_word' id='word_1_254' title='bbox 788 3141 844 3198; x_wconf 91' lang='lat' dir='ltr'>est,</span> <span class='ocrx_word' id='word_1_255' title='bbox 870 3137 893 3188; x_wconf 90' lang='lat' dir='ltr'>si</span> <span class='ocrx_word' id='word_1_256' title='bbox 920 3132 1050 3202; x_wconf 78' lang='lat' dir='ltr'>frugifera</span> <span class='ocrx_word' id='word_1_257' title='bbox 1073 3130 1218 3214; x_wconf 69' lang='lat' dir='ltr'>consulere</span> 
     </span>
     <span class='ocr_line' id='line_1_29' title="bbox 130 3193 1218 3275; baseline -0.005 -19"><span class='ocrx_word' id='word_1_258' title='bbox 130 3193 290 3268; x_wconf 71' lang='lat' dir='ltr'>teatinum,</span> <span class='ocrx_word' id='word_1_259' title='bbox 319 3206 387 3259; x_wconf 87' lang='lat' dir='ltr'>mihi</span> <span class='ocrx_word' id='word_1_260' title='bbox 410 3209 569 3261; x_wconf 83' lang='lat' dir='ltr'>auscultare.</span> <span class='ocrx_word' id='word_1_261' title='bbox 615 3207 730 3269; x_wconf 73' lang='lat' dir='ltr'>Aiebat,</span> <span class='ocrx_word' id='word_1_262' title='bbox 756 3205 862 3259; x_wconf 79' lang='lat' dir='ltr'>ditabus</span> <span class='ocrx_word' id='word_1_263' title='bbox 880 3205 1051 3275; x_wconf 83' lang='lat' dir='ltr'>potissimum</span> <span class='ocrx_word' id='word_1_264' title='bbox 1074 3202 1108 3254; x_wconf 91' lang='lat' dir='ltr'>de</span> <span class='ocrx_word' id='word_1_265' title='bbox 1130 3215 1218 3253; x_wconf 81' lang='lat' dir='ltr'>causas</span> 
     </span>
     <span class='ocr_line' id='line_1_30' title="bbox 131 3273 1218 3346; baseline -0.006 -19"><span class='ocrx_word' id='word_1_266' title='bbox 131 3281 160 3327; x_wconf 89' lang='lat' dir='ltr'>te</span> <span class='ocrx_word' id='word_1_267' title='bbox 186 3275 220 3326; x_wconf 92' lang='lat' dir='ltr'>ad</span> <span class='ocrx_word' id='word_1_268' title='bbox 241 3275 292 3332; x_wconf 85' lang='lat' dir='ltr'>hoe</span> <span class='ocrx_word' id='word_1_269' title='bbox 315 3278 439 3340; x_wconf 86' lang='lat' dir='ltr'>incitari,</span> <span class='ocrx_word' id='word_1_270' title='bbox 469 3287 497 3330; x_wconf 87' lang='lat' dir='ltr'>et</span> <span class='ocrx_word' id='word_1_271' title='bbox 516 3297 549 3331; x_wconf 91' lang='lat' dir='ltr'>ne</span> <span class='ocrx_word' id='word_1_272' title='bbox 567 3279 637 3330; x_wconf 87' lang='lat' dir='ltr'>maio</span> <span class='ocrx_word' id='word_1_273' title='bbox 655 3279 705 3332; x_wconf 91' lang='lat' dir='ltr'>tibi</span> <span class='ocrx_word' id='word_1_274' title='bbox 724 3277 883 3329; x_wconf 76' lang='lat' dir='ltr'>dictitarent</span> <span class='ocrx_word' id='word_1_275' title='bbox 900 3275 1018 3346; x_wconf 84' lang='lat' dir='ltr'>improbi</span> <span class='ocrx_word' id='word_1_276' title='bbox 1041 3273 1218 3344; x_wconf 82' lang='lat' dir='ltr'>corruptique</span> 
     </span>
     <span class='ocr_line' id='line_1_31' title="bbox 131 3341 1218 3428; baseline -0.006 -30"><span class='ocrx_word' id='word_1_277' title='bbox 131 3347 273 3414; x_wconf 82' lang='lat' dir='ltr'>mortales;</span> <span class='ocrx_word' id='word_1_278' title='bbox 307 3355 335 3399; x_wconf 86' lang='lat' dir='ltr'>et</span> <span class='ocrx_word' id='word_1_279' title='bbox 354 3349 428 3418; x_wconf 88' lang='lat' dir='ltr'>qnod</span> <span class='ocrx_word' id='word_1_280' title='bbox 454 3350 639 3418; x_wconf 75' lang='lat' dir='ltr'>maximopere</span> <span class='ocrx_word' id='word_1_281' title='bbox 666 3355 802 3418; x_wconf 84' lang='lat' dir='ltr'>praestare</span> <span class='ocrx_word' id='word_1_282' title='bbox 823 3347 922 3408; x_wconf 85' lang='lat' dir='ltr'>velles,</span> <span class='ocrx_word' id='word_1_283' title='bbox 950 3351 1080 3416; x_wconf 86' lang='lat' dir='ltr'>quantum</span> <span class='ocrx_word' id='word_1_284' title='bbox 1102 3341 1218 3428; x_wconf 53' lang='lat' dir='ltr'>guidem</span> 
     </span>
     <span class='ocr_line' id='line_1_32' title="bbox 132 3417 1217 3488; baseline -0.003 -22"><span class='ocrx_word' id='word_1_285' title='bbox 132 3431 243 3484; x_wconf 83' lang='lat' dir='ltr'>posses,</span> <span class='ocrx_word' id='word_1_286' title='bbox 265 3435 335 3488; x_wconf 89' lang='lat' dir='ltr'>quae</span> <span class='ocrx_word' id='word_1_287' title='bbox 352 3419 387 3470; x_wconf 87' lang='lat' dir='ltr'>nd</span> <span class='ocrx_word' id='word_1_288' title='bbox 408 3422 605 3480; x_wconf 85' lang='lat' dir='ltr'>reverentiam,</span> <span class='ocrx_word' id='word_1_289' title='bbox 623 3417 755 3471; x_wconf 85' lang='lat' dir='ltr'>honorem</span> <span class='ocrx_word' id='word_1_290' title='bbox 773 3425 801 3469; x_wconf 87' lang='lat' dir='ltr'>et</span> <span class='ocrx_word' id='word_1_291' title='bbox 817 3419 952 3469; x_wconf 77' lang='lat' dir='ltr'>laetitiam</span> <span class='ocrx_word' id='word_1_292' title='bbox 974 3417 1017 3467; x_wconf 81' lang='lat' dir='ltr'>avi</span> <span class='ocrx_word' id='word_1_293' title='bbox 1038 3419 1217 3484; x_wconf 79' lang='lat' dir='ltr'>pertinerent.</span> 
     </span>
     <span class='ocr_line' id='line_1_33' title="bbox 133 3481 1217 3564; baseline -0.005 -26"><span class='ocrx_word' id='word_1_294' title='bbox 133 3487 231 3540; x_wconf 81' lang='lat' dir='ltr'>Colere</span> <span class='ocrx_word' id='word_1_295' title='bbox 247 3489 331 3558; x_wconf 85' lang='lat' dir='ltr'>igitur</span> <span class='ocrx_word' id='word_1_296' title='bbox 348 3497 376 3540; x_wconf 90' lang='lat' dir='ltr'>et</span> <span class='ocrx_word' id='word_1_297' title='bbox 396 3490 539 3542; x_wconf 82' lang='lat' dir='ltr'>observare</span> <span class='ocrx_word' id='word_1_298' title='bbox 565 3491 642 3540; x_wconf 91' lang='lat' dir='ltr'>illum</span> <span class='ocrx_word' id='word_1_299' title='bbox 666 3507 714 3560; x_wconf 81' lang='lat' dir='ltr'>ego</span> <span class='ocrx_word' id='word_1_300' title='bbox 735 3495 893 3560; x_wconf 86' lang='lat' dir='ltr'>quoqueet</span> <span class='ocrx_word' id='word_1_301' title='bbox 912 3489 1013 3538; x_wconf 88' lang='lat' dir='ltr'>iustum</span> <span class='ocrx_word' id='word_1_302' title='bbox 1031 3493 1109 3537; x_wconf 84' lang='lat' dir='ltr'>etex</span> <span class='ocrx_word' id='word_1_303' title='bbox 1129 3481 1217 3564; x_wconf 72' lang='lat' dir='ltr'>officio</span> 
     </span>
     <span class='ocr_line' id='line_1_34' title="bbox 132 3553 1218 3612; baseline -0.01 -2"><span class='ocrx_word' id='word_1_304' title='bbox 132 3565 182 3610; x_wconf 89' lang='lat' dir='ltr'>tuo</span> <span class='ocrx_word' id='word_1_305' title='bbox 206 3575 264 3610; x_wconf 84' lang='lat' dir='ltr'>esse</span> <span class='ocrx_word' id='word_1_306' title='bbox 289 3559 449 3612; x_wconf 82' lang='lat' dir='ltr'>affirmarim.</span> <span class='ocrx_word' id='word_1_307' title='bbox 500 3559 554 3612; x_wconf 85' lang='lat' dir='ltr'>Sed</span> <span class='ocrx_word' id='word_1_308' title='bbox 584 3562 687 3610; x_wconf 85' lang='lat' dir='ltr'>cultum</span> <span class='ocrx_word' id='word_1_309' title='bbox 716 3561 799 3610; x_wconf 85' lang='lat' dir='ltr'>istum</span> <span class='ocrx_word' id='word_1_310' title='bbox 823 3565 852 3610; x_wconf 88' lang='lat' dir='ltr'>et</span> <span class='ocrx_word' id='word_1_311' title='bbox 880 3557 1096 3608; x_wconf 85' lang='lat' dir='ltr'>observationem</span> <span class='ocrx_word' id='word_1_312' title='bbox 1125 3553 1218 3604; x_wconf 83' lang='lat' dir='ltr'>multra</span> 
     </span>
     <span class='ocr_line' id='line_1_35' title="bbox 132 3627 1221 3688; baseline -0.006 -8"><span class='ocrx_word' id='word_1_313' title='bbox 132 3629 194 3680; x_wconf 83' lang='lat' dir='ltr'>aliis</span> <span class='ocrx_word' id='word_1_314' title='bbox 214 3628 367 3685; x_wconf 75' lang='lat' dir='ltr'>rationibus</span> <span class='ocrx_word' id='word_1_315' title='bbox 384 3630 520 3683; x_wconf 83' lang='lat' dir='ltr'>declarare</span> <span class='ocrx_word' id='word_1_316' title='bbox 535 3627 702 3682; x_wconf 87' lang='lat' dir='ltr'>conceditur.</span> <span class='ocrx_word' id='word_1_317' title='bbox 740 3629 806 3680; x_wconf 84' lang='lat' dir='ltr'>Nam</span> <span class='ocrx_word' id='word_1_318' title='bbox 829 3635 856 3679; x_wconf 87' lang='lat' dir='ltr'>et</span> <span class='ocrx_word' id='word_1_319' title='bbox 871 3629 949 3679; x_wconf 90' lang='lat' dir='ltr'>iilum</span> <span class='ocrx_word' id='word_1_320' title='bbox 971 3627 1103 3679; x_wconf 85' lang='lat' dir='ltr'>honorare</span> <span class='ocrx_word' id='word_1_321' title='bbox 1122 3631 1151 3674; x_wconf 87' lang='lat' dir='ltr'>ut</span> <span class='ocrx_word' id='word_1_322' title='bbox 1170 3639 1221 3688; x_wconf 77' lang='lat' dir='ltr'>pn·</span> 
     </span>
     <span class='ocr_line' id='line_1_36' title="bbox 132 3695 1219 3770; baseline -0.011 -18"><span class='ocrx_word' id='word_1_323' title='bbox 132 3707 240 3752; x_wconf 86' lang='lat' dir='ltr'>rentem</span> <span class='ocrx_word' id='word_1_324' title='bbox 257 3707 367 3768; x_wconf 86' lang='lat' dir='ltr'>oportet</span> <span class='ocrx_word' id='word_1_325' title='bbox 384 3707 412 3752; x_wconf 90' lang='lat' dir='ltr'>et</span> <span class='ocrx_word' id='word_1_326' title='bbox 454 3699 577 3753; x_wconf 81' lang='lat' dir='ltr'>rovidere</span> <span class='ocrx_word' id='word_1_327' title='bbox 601 3697 907 3770; x_wconf 80' lang='lat' dir='ltr'>quamdiiigentissitne,</span> <span class='ocrx_word' id='word_1_328' title='bbox 932 3705 964 3750; x_wconf 91' lang='lat' dir='ltr'>ut</span> <span class='ocrx_word' id='word_1_329' title='bbox 986 3714 1045 3748; x_wconf 88' lang='lat' dir='ltr'>eum</span> <span class='ocrx_word' id='word_1_330' title='bbox 1065 3695 1137 3764; x_wconf 90' lang='lat' dir='ltr'>ipsi,</span> <span class='ocrx_word' id='word_1_331' title='bbox 1160 3699 1219 3742; x_wconf 89' lang='lat' dir='ltr'>tum</span> 
     </span>
     <span class='ocr_line' id='line_1_37' title="bbox 132 3719 1221 3832; baseline -0.01 -10"><span class='ocrx_word' id='word_1_332' title='bbox 132 3771 193 3822; x_wconf 87' lang='lat' dir='ltr'>eius</span> <span class='ocrx_word' id='word_1_333' title='bbox 208 3771 330 3822; x_wconf 82' lang='lat' dir='ltr'>familiae</span> <span class='ocrx_word' id='word_1_334' title='bbox 350 3787 392 3822; x_wconf 85' lang='lat' dir='ltr'>res</span> <span class='ocrx_word' id='word_1_335' title='bbox 409 3719 545 3824; x_wconf 78' lang='lat' dir='ltr'>advitam</span> <span class='ocrx_word' id='word_1_336' title='bbox 569 3767 773 3822; x_wconf 74' lang='lat' dir='ltr'>sustentandam</span> <span class='ocrx_word' id='word_1_337' title='bbox 789 3768 956 3821; x_wconf 75' lang='lat' dir='ltr'>necessariae</span> <span class='ocrx_word' id='word_1_338' title='bbox 972 3769 1072 3819; x_wconf 78' lang='lat' dir='ltr'>affatim</span> <span class='ocrx_word' id='word_1_339' title='bbox 1088 3759 1221 3832; x_wconf 86' lang='lat' dir='ltr'>suppedi-</span> 
     </span>
     <span class='ocr_line' id='line_1_38' title="bbox 132 3831 1220 3915; baseline -0.012 -21"><span class='ocrx_word' id='word_1_340' title='bbox 132 3848 202 3894; x_wconf 84' lang='lat' dir='ltr'>tent.</span> <span class='ocrx_word' id='word_1_341' title='bbox 246 3842 315 3910; x_wconf 84' lang='lat' dir='ltr'>Ergo</span> <span class='ocrx_word' id='word_1_342' title='bbox 335 3841 358 3892; x_wconf 89' lang='lat' dir='ltr'>si</span> <span class='ocrx_word' id='word_1_343' title='bbox 375 3842 520 3912; x_wconf 84' lang='lat' dir='ltr'>separatim</span> <span class='ocrx_word' id='word_1_344' title='bbox 537 3842 563 3893; x_wconf 92' lang='lat' dir='ltr'>ei</span> <span class='ocrx_word' id='word_1_345' title='bbox 581 3841 690 3892; x_wconf 84' lang='lat' dir='ltr'>decreta</span> <span class='ocrx_word' id='word_1_346' title='bbox 709 3839 826 3909; x_wconf 83' lang='lat' dir='ltr'>pecunia</span> <span class='ocrx_word' id='word_1_347' title='bbox 843 3839 901 3892; x_wconf 87' lang='lat' dir='ltr'>eius</span> <span class='ocrx_word' id='word_1_348' title='bbox 917 3839 1093 3892; x_wconf 83' lang='lat' dir='ltr'>necessitates</span> <span class='ocrx_word' id='word_1_349' title='bbox 1110 3831 1220 3915; x_wconf 74' lang='lat' dir='ltr'>explere</span> 
     </span>
     <span class='ocr_line' id='line_1_39' title="bbox 131 3909 1220 3981; baseline -0.014 -16"><span class='ocrx_word' id='word_1_350' title='bbox 131 3929 189 3965; x_wconf 89' lang='lat' dir='ltr'>non</span> <span class='ocrx_word' id='word_1_351' title='bbox 209 3919 336 3980; x_wconf 81' lang='lat' dir='ltr'>putatur,</span> <span class='ocrx_word' id='word_1_352' title='bbox 371 3911 443 3964; x_wconf 88' lang='lat' dir='ltr'>hand</span> <span class='ocrx_word' id='word_1_353' title='bbox 468 3911 662 3972; x_wconf 87' lang='lat' dir='ltr'>recusandum,</span> <span class='ocrx_word' id='word_1_354' title='bbox 690 3912 757 3981; x_wconf 82' lang='lat' dir='ltr'>quin</span> <span class='ocrx_word' id='word_1_355' title='bbox 779 3910 894 3963; x_wconf 85' lang='lat' dir='ltr'>alterum</span> <span class='ocrx_word' id='word_1_356' title='bbox 918 3917 1040 3970; x_wconf 83' lang='lat' dir='ltr'>tautum,</span> <span class='ocrx_word' id='word_1_357' title='bbox 1066 3911 1114 3956; x_wconf 86' lang='lat' dir='ltr'>eut</span> <span class='ocrx_word' id='word_1_358' title='bbox 1137 3909 1220 3954; x_wconf 80' lang='lat' dir='ltr'>etrum</span> 
     </span>
     <span class='ocr_line' id='line_1_40' title="bbox 131 3976 1220 4056; baseline -0.012 -22"><span class='ocrx_word' id='word_1_359' title='bbox 131 3983 194 4052; x_wconf 83' lang='lat' dir='ltr'>pius</span> <span class='ocrx_word' id='word_1_360' title='bbox 208 3981 321 4051; x_wconf 87' lang='lat' dir='ltr'>duplum</span> <span class='ocrx_word' id='word_1_361' title='bbox 339 3983 491 4045; x_wconf 86' lang='lat' dir='ltr'>tribuatur;</span> <span class='ocrx_word' id='word_1_362' title='bbox 510 3991 538 4034; x_wconf 86' lang='lat' dir='ltr'>et</span> <span class='ocrx_word' id='word_1_363' title='bbox 555 3983 718 4034; x_wconf 82' lang='lat' dir='ltr'>adiiciuntur</span> <span class='ocrx_word' id='word_1_364' title='bbox 732 3981 802 4044; x_wconf 83' lang='lat' dir='ltr'>alia,</span> <span class='ocrx_word' id='word_1_365' title='bbox 828 3995 899 4051; x_wconf 87' lang='lat' dir='ltr'>quae</span> <span class='ocrx_word' id='word_1_366' title='bbox 918 3979 960 4030; x_wconf 83' lang='lat' dir='ltr'>itti</span> <span class='ocrx_word' id='word_1_367' title='bbox 977 3976 1128 4044; x_wconf 84' lang='lat' dir='ltr'>voluptati,</span> <span class='ocrx_word' id='word_1_368' title='bbox 1139 3979 1220 4056; x_wconf 40' lang='lat' dir='ltr'>&#39;ceto-</span> 
     </span>
     <span class='ocr_line' id='line_1_41' title="bbox 132 4047 1219 4128; baseline -0.012 -24"><span class='ocrx_word' id='word_1_369' title='bbox 132 4053 170 4104; x_wconf 86' lang='lat' dir='ltr'>ris</span> <span class='ocrx_word' id='word_1_370' title='bbox 191 4053 268 4104; x_wconf 83' lang='lat' dir='ltr'>nullo</span> <span class='ocrx_word' id='word_1_371' title='bbox 291 4051 456 4105; x_wconf 87' lang='lat' dir='ltr'>detrimento</span> <span class='ocrx_word' id='word_1_372' title='bbox 482 4053 592 4104; x_wconf 72' lang='lat' dir='ltr'>inerint,</span> <span class='ocrx_word' id='word_1_373' title='bbox 638 4052 673 4103; x_wconf 82' lang='lat' dir='ltr'>At</span> <span class='ocrx_word' id='word_1_374' title='bbox 691 4067 753 4104; x_wconf 85' lang='lat' dir='ltr'>vero</span> <span class='ocrx_word' id='word_1_375' title='bbox 772 4069 861 4103; x_wconf 88' lang='lat' dir='ltr'>rerum</span> <span class='ocrx_word' id='word_1_376' title='bbox 880 4049 1020 4102; x_wconf 86' lang='lat' dir='ltr'>dominum</span> <span class='ocrx_word' id='word_1_377' title='bbox 1040 4047 1219 4128; x_wconf 35' lang='lat' dir='ltr'>illumusnstt·</span> 
     </span>
     <span class='ocr_line' id='line_1_42' title="bbox 132 4113 1220 4194; baseline -0.011 -20"><span class='ocrx_word' id='word_1_378' title='bbox 132 4131 228 4186; x_wconf 85' lang='lat' dir='ltr'>tuere,</span> <span class='ocrx_word' id='word_1_379' title='bbox 255 4121 307 4175; x_wconf 85' lang='lat' dir='ltr'>hoe</span> <span class='ocrx_word' id='word_1_380' title='bbox 327 4131 384 4186; x_wconf 85' lang='lat' dir='ltr'>est,</span> <span class='ocrx_word' id='word_1_381' title='bbox 412 4123 485 4194; x_wconf 89' lang='lat' dir='ltr'>quod</span> <span class='ocrx_word' id='word_1_382' title='bbox 507 4121 676 4191; x_wconf 83' lang='lat' dir='ltr'>reipublicae</span> <span class='ocrx_word' id='word_1_383' title='bbox 691 4123 822 4174; x_wconf 85' lang='lat' dir='ltr'>interesse</span> <span class='ocrx_word' id='word_1_384' title='bbox 838 4138 888 4172; x_wconf 89' lang='lat' dir='ltr'>nee</span> <span class='ocrx_word' id='word_1_385' title='bbox 904 4121 1045 4189; x_wconf 82' lang='lat' dir='ltr'>quiequam</span> <span class='ocrx_word' id='word_1_386' title='bbox 1067 4113 1134 4166; x_wconf 79' lang='lat' dir='ltr'>mitra</span> <span class='ocrx_word' id='word_1_387' title='bbox 1154 4129 1220 4182; x_wconf 81' lang='lat' dir='ltr'>per-</span> 
     </span>
     <span class='ocr_line' id='line_1_43' title="bbox 131 4189 1220 4264; baseline -0.012 -20"><span class='ocrx_word' id='word_1_388' title='bbox 131 4195 266 4254; x_wconf 87' lang='lat' dir='ltr'>suaserit,</span> <span class='ocrx_word' id='word_1_389' title='bbox 290 4210 341 4245; x_wconf 87' lang='lat' dir='ltr'>neo</span> <span class='ocrx_word' id='word_1_390' title='bbox 358 4209 407 4264; x_wconf 77' lang='lat' dir='ltr'>ego</span> <span class='ocrx_word' id='word_1_391' title='bbox 427 4193 552 4264; x_wconf 61' lang='lat' dir='ltr'>cuisftmm</span> <span class='ocrx_word' id='word_1_392' title='bbox 572 4191 687 4245; x_wconf 90' lang='lat' dir='ltr'>suadere</span> <span class='ocrx_word' id='word_1_393' title='bbox 702 4193 791 4244; x_wconf 85' lang='lat' dir='ltr'>velim.</span> <span class='ocrx_word' id='word_1_394' title='bbox 829 4189 1016 4259; x_wconf 87' lang='lat' dir='ltr'>improborum</span> <span class='ocrx_word' id='word_1_395' title='bbox 1033 4193 1123 4238; x_wconf 84' lang='lat' dir='ltr'>sutem</span> <span class='ocrx_word' id='word_1_396' title='bbox 1141 4197 1220 4233; x_wconf 76' lang='lat' dir='ltr'>voees</span> 
     </span>
     <span class='ocr_line' id='line_1_44' title="bbox 130 4255 1223 4334; baseline -0.01 -17"><span class='ocrx_word' id='word_1_397' title='bbox 130 4261 344 4317; x_wconf 74' lang='lat' dir='ltr'>contemnendas</span> <span class='ocrx_word' id='word_1_398' title='bbox 360 4267 474 4334; x_wconf 57' lang='lat' dir='ltr'>spinum</span> <span class='ocrx_word' id='word_1_399' title='bbox 499 4271 547 4317; x_wconf 85' lang='lat' dir='ltr'>snt</span> <span class='ocrx_word' id='word_1_400' title='bbox 569 4279 625 4317; x_wconf 81' lang='lat' dir='ltr'>rem</span> <span class='ocrx_word' id='word_1_401' title='bbox 647 4263 782 4318; x_wconf 78' lang='lat' dir='ltr'>nefariam</span> <span class='ocrx_word' id='word_1_402' title='bbox 800 4259 1020 4331; x_wconf 76' lang='lat' dir='ltr'>designabimus,</span> <span class='ocrx_word' id='word_1_403' title='bbox 1048 4257 1072 4310; x_wconf 83' lang='lat' dir='ltr'>ri</span> <span class='ocrx_word' id='word_1_404' title='bbox 1090 4255 1223 4309; x_wconf 82' lang='lat' dir='ltr'>bonorum</span> 
     </span>
    </p>
   </div>
   <div class='ocr_carea' id='block_1_4' title="bbox 0 0 1506 4862">
    <p class='ocr_par' dir='ltr' id='par_1_4' title="bbox 0 0 1506 4862">
     <span class='ocr_line' id='line_1_45' title="bbox 0 0 1506 4862; baseline 0 0"><span class='ocrx_word' id='word_1_405' title='bbox 0 0 1506 4862; x_wconf 95' lang='lat' dir='ltr'> </span> 
     </span>
    </p>
   </div>
  </div>
 </body>
</html>
