2986 4862
328 287 413 378 386
454 265 462 283 ’
733 311 1015 406 σεσιισοτειιι
1050 333 1054 342 ·
1153 308 1161 333 ’·

184 465 556 558 παιδιρπαρσπληξίας,
576 468 633 536 καί
643 469 702 538 δίο
723 467 763 538 τό
779 473 911 555 μέγιστοι
926 457 1070 536 ἐντεῦθεν
1081 467 1302 556 κερδανοῦμεν,
1321 465 1402 556 ἡμᾶς

329 595 364 638 τε
384 568 502 646 adrosis,-
522 568 767 648 ἄπαλλόττονιες
794 563 922 647 ἀδοξίας
952 569 991 634 osi
1016 567 1232 656 προσηκούσης
1260 567 1316 634 καί
1331 567 1404 644 τούς

330 663 442 747 ἄλλους
471 671 527 754 τῆς
554 671 589 734 ἐκ
604 667 674 734 τοῦ
699 669 839 754 ψεύδους
858 671 1093 753 ἐλευθεροῦντες
1122 672 1405 754 προσγενησομέιης

328 767 476 853 βλάβης.”
521 769 659 834 Τοιαῦτα
683 770 742 850 μὲν
769 767 904 852 όμέγας
933 770 1112 849 δομὲστικος
1138 764 1216 834 εἶπε·
1260 765 1406 850 βασιλεδς

326 872 362 934 δέ
383 865 527 933 ἐπείθετό
546 892 578 934 τε
608 863 705 944 εόθός
725 877 788 946 τοῖς
810 870 983 954 εἰρημένοις
1003 862 1047 944 σός
1066 866 1319 952 καλῶςέχοοσι,
1353 869 1422 948 senii

298 969 410 1056 (Ξαότηῑ
431 968 578 1051 ἐπέτρεπε
597 965 653 1051 τήν
673 971 797 1054 πρᾶξιν,
818 965 978 1053 προσθείς,
1000 961 1042 1044 ὥς
1059 966 1089 1032 εἰ
1104 964 1146 1051 μὴ
1164 965 1307 1048 βούλοιτο
1327 963 1407 1030 κατὰ

325 1065 365 1132 τό
390 1067 613 1149 διατεταγμένα
635 1065 785 1154 πρότερον
806 1059 844 1152 οἴρ
846 1090 917 1150 χειν
935 1065 952 1130 ό
973 1068 1138 1143 Massiva<
1151 1069 1248 1149 Χίου,
1266 1065 1321 1130 καί
1336 1067 1408 1130 δευ-

328 1168 421 1251 τέραν
444 1167 567 1249 αἳρεσιν
588 1161 765 1252 εὐεργεσίας
793 1165 880 1254 adegi
901 1171 1081 1253 προθεῖναι,
1111 1163 1270 1242 ἐλάττονος
1287 1160 1309 1251 ἢ
1329 1161 1406 1230 susal

328 1263 387 1348 τὴν
407 1263 563 1351 προτέραν
584 1259 742 1346 οόδαμῶς.
793 1269 890 1353 τακτῇ
910 1267 945 1332 δέ
966 1264 1068 1356 ἡμέρᾳ
1089 1265 1253 1350 ἐκκλησίαν
1274 1261 1291 1328 ό
1310 1267 1408 1347 μέγας

328 1365 509 1445 δομέστικος
528 1363 562 1429 ἔκ
582 1388 616 1429 τε
643 1361 816 1446 Ῥωμαίων
843 1363 900 1430 καί
926 1365 989 1430 τῶν
1014 1363 1287 1450 ἐπιχωριαζόντων
1307 1361 1439 1431 Λατί-ιο

327 1487 391 1529 νων
408 1451 602 1548 σοναγαγιόν,
622 1461 775 1550 παρόντος
795 1467 850 1530 καί
867 1465 1141 1530 αότοῦΜπενέτοο
1162 1468 1217 1540 καί
1233 1463 1296 1529 τῶν
1309 1465 1407 1546 Μορ-

326 1565 402 1651 τίνρ
416 1565 458 1651 τῷ
480 1563 608 1653 &intpp
624 1560 774 1650 πρότερον
788 1565 946 1631 συνόντων
966 1558 1025 1628 otu
1044 1563 1165 1648 όλίγων,
1187 1567 1233 1642 εἷς
1252 1559 1362 1645 λόγους
1377 1583 1408 1624 τε

327 1661 517 1756 καθίσταντο
534 1661 590 1728 καί
602 1665 734 1747 διηγεῖτο
750 1654 872 1730 ιῖνωθεν
886 1656 1061 1750 ἀπ’ἇρχῇς,
1083 1659 1167 1742 ὅπως
1182 1687 1216 1728 τε
1232 1657 1408 1739 είςΒυζοίν-

326 1782 392 1824 τιον
414 1754 558 1847 cipriano
577 1760 656 1847 πρός
675 1763 808 1845 βασιλέα
830 1758 1033 1838 όΜπενὲτος
1050 1765 1231 1848 κατηγοροδν
1247 1763 1303 1828 τοῦ
1320 1760 1410 1824 ἐδελ-

328 1861 394 1943 pot
418 1861 470 1946 ἐφ’
491 1855 538 1938 οἷς
560 1853 696 1946 η’δικεῐτο
717 1866 792 1950 παρ’
807 1862 920 1946 αὐτοῦ,
941 1858 1002 1928 όσα
1022 1887 1057 1928 τε
1083 1863 1167 1950 αὐτῷ
1184 1859 1312 1945 λεχθείη
1333 1856 1437 1944 auderi

295 1958 497 2041 Ββασιλέως,
524 1957 651 2045 κοίτην
667 1953 803 2044 εὔνοιαν,
825 1959 864 2046 ἣν
885 1962 1059 2041 ἐνεδείξατο
1080 1959 1158 2048 πρὸς
1178 1955 1278 2025 αὐτόν
1298 1953 1408 2045 όφυτό-

327 2075 423 2134 μενον
442 2053 521 2148 πρός
541 2062 638 2142 Χίον,
669 2059 724 2124 καί
742 2058 785 2138 ὥς
804 2065 858 2146 τῆς
877 2063 922 2138 εἷς
944 2059 1043 2126 adada
1060 2055 1184 2137 εόνοίος
1205 2061 1295 2126 ἕνεκα
1317 2054 1334 2129 ti
1354 2061 1408 2138 βα·
1459 2129 1463 2140 Ι

329 2151 435 2231 σιλεός
455 2157 620 2240 ductitaret
640 2157 802 2236 τοιαόταις
820 2160 1024 2248 εὐεργεσίαις.
1073 2159 1238 2236 Μπενέτος
1260 2160 1295 2222 δὲ
1317 2149 1409 2228 αὖθις

327 2251 384 2337 τήν
403 2277 438 2318 τε
452 2254 574 2342 δωρεὰν
595 2258 771 2324 α’πεωθεῖτο
791 2257 847 2346 τὴν
866 2262 1032 2345 βασιλέως,
1052 2252 1184 2336 ιῖναξίαν
1203 2261 1319 2344 κρίνων
1338 2251 1409 2320 ἐσο-

331 2353 405 2434 τοῦ,
437 2355 491 2418 καί
512 2358 542 2422 εἰ
559 2356 829 2441 μη“παυιότιασιν
857 2359 944 2448 αὐτῷ
973 2357 1201 2445 παραχωρήσει
1221 2357 1325 2438 Χίου,
1357 2355 1439 2437 ariam

322 2445 498 2531 ‘Pwtwt'wv
517 2447 711 2540 ἆφελόμενος
732 2456 909 2542 ἡγεμονίαις,
928 2461 1084 2545 μηδεμιᾶς
1103 2453 1214 2542 ἐτέρας
1233 2450 1409 2540 εὐεργεσίας

328 2547 459 2636 φάσκων
481 2552 607 2618 δεῖσθαι
627 2559 702 2641 παρ’
723 2551 843 2640 αὐτοῦ,
865 2559 934 2624 ,καί
959 2561 1041 2644 μηδὲ
1073 2558 1242 2644 τρίβεσθαι
1271 2554 1337 2641 είκῇ
1361 2545 1410 2614 καί

325 2645 430 2734 μάτην
450 2648 595 2718 dirivata
616 2655 852 2740 ἐπιχειροῦντας
873 2656 1005 2722 πείθειν.
1055 2655 1164 2738 οἱμὲν
1184 2646 1243 2720 οὖν
1263 2649 1408 2739 παρόντες

327 2746 384 2813 καί
401 2749 542 2831 μάλιστα
563 2750 593 2821 οἱ
615 2757 651 2820 ἐκ
672 2745 845 2841 Λατίνων,
876 2754 994 2844 πολλὴν
1014 2754 1172 2846 ιἀκρισίαν
1189 2753 1407 2838 sospitam

330 2974 443 3030 eamque
454 2961 615 3034 bipartitam
633 2965 782 3024 utilitatem
798 2962 967 3034 hauriemus3
988 2964 1062 3038 quod
1080 2983 1129 3020 nos
1143 2965 1218 3035 ipsos
1232 2961 1361 3014 nimirum
1377 2955 1407 3009 ab

329 3029 463 3084 immerita
474 3036 587 3088 infamia
608 3037 786 3090 servabimus:
807 3047 836 3090 ct
851 3039 912 3090 aliis
929 3056 945 3089 a
961 3047 1125 3090 nocumento
1145 3035 1284 3088 mendacii
1306 3029 1409 3084 carebi-

328 3101 397 3182 aiaas.
435 3103 507 3156 llaec
527 3105 576 3157 ubi
596 3111 688 3158 eiiatus
709 3119 751 3162 est
782 3127 893 3178 magnus
916 3107 1095 3171 domesticus,
1119 3109 1266 3177 imperator
1289 3103 1408 3185 prutina!

329 3185 361 3218 sn
383 3171 441 3224 eius
466 3177 632 3228 sententiam
653 3177 718 3242 ivit,
750 3187 779 3230 et
802 3179 841 3230 rei
868 3177 1052 3232 conficiendae
1082 3179 1224 3248 negotium
1255 3175 1300 3228 ills
1324 3171 1408 3224 dedat:

329 3246 412 3319 atque
428 3240 624 3315 hocampiius,
648 3247 702 3299 nisi
718 3249 880 3302 Benedictus
908 3266 941 3301 ex
963 3249 1049 3318 priori
1066 3248 1176 3300 decreto
1200 3246 1302 3304 Citium
1329 3239 1410 3294 admi·

329 3314 443 3362 nistrare
465 3313 558 3376 veilet,
577 3325 609 3368 ut
621 3317 699 3368 aliam
718 3319 744 3370 ei
760 3337 794 3370 ex
808 3319 975 3372 iiberalitate
991 3319 1187 3380 conditionem,
1205 3317 1292 3387 prims
1309 3329 1410 3384 nequa·
1472 3377 1473 3390 η

330 3393 413 3459 quam
431 3379 609 3449 deteriorem,
636 3397 808 3456 proponeret.
845 3389 898 3442 Dic
919 3392 1081 3460 praestituta
1100 3406 1160 3440 cam
1183 3403 1295 3457 magnas
1321 3384 1410 3436 donae·
1472 3395 1473 3398 ’

330 3455 414 3500 stscus
430 3467 463 3502 es
482 3455 609 3508 Romanis
629 3465 657 3508 et
672 3457 777 3510 Latinis
794 3458 905 3512 advenis
922 3469 1084 3512 conuentum
1099 3461 1251 3529 coegisset3
1274 3459 1410 3526 praesente
1472 3467 1473 3537 η

330 3518 415 3599 etiarn
430 3521 577 3576 Benedicta
597 3535 626 3578 et
644 3544 700 3578 non
724 3531 836 3598 paucis,
860 3531 908 3600 qui
933 3539 1013 3584 antea
1036 3547 1096 3582 eum
1114 3529 1233 3582 Martino
1256 3527 1338 3579 iratae
1356 3523 1410 3572 cias
1471 3577 1472 3600 η

329 3583 501 3667 familiariter
511 3595 658 3660 vivebant,
676 3597 711 3650 ad
731 3600 813 3652 verba
835 3609 947 3652 ventum
966 3611 1019 3652 est:
1039 3601 1176 3667 altiusque
1198 3597 1318 3664 repetito
1339 3593 1409 3661 prin·
1471 3607 1472 3660 ᾗ

329 3657 418 3726 θψδθι
437 3655 600 3714 domesticus
614 3667 740 3731 narravit,
762 3687 816 3739 quo
831 3678 908 3736 pacto
926 3671 1089 3721 Benedictus
1103 3667 1263 3735 Byzantium
1282 3663 1318 3714 ad
1328 3664 1409 3729 impc-
1471 3695 1472 3706 ι

329 3734 444 3779 ratorem
467 3731 642 3800 confugiens,
662 3737 773 3788 fratrem
792 3739 953 3790 iniuriarum
978 3739 1156 3809 postulasset,
1183 3736 1308 3806 quidque
1328 3733 1408 3799 impe·

328 3803 401 3878 rator
418 3799 536 3868 supplici
556 3804 756 3872 respondisset,
779 3816 806 3860 ct
829 3827 883 3879 qus
904 3810 927 3861 is
951 3809 1144 3862 benevolentia
1170 3815 1265 3876 postea
1290 3802 1408 3856 carusdera

327 3877 519 3934 imperatorem
546 3872 575 3924 in
603 3873 674 3926 Chio
697 3877 852 3946 complexus
878 3887 964 3931 esset:
1001 3889 1083 3950 atque
1112 3877 1183 3928 hanc
1213 3893 1273 3930 esse
1300 3885 1408 3928 causam

328 3950 411 4003 quare
427 3939 576 4006 imperator
591 3950 691 3996 tautam
718 3949 743 3998 ei
760 3947 873 4016 gratiam
891 3949 1014 4002 referret.
1050 3948 1230 4002 Benedictum
1250 3953 1338 3998 autera
1359 3943 1407 3994 ite-

327 4012 386 4057 rato
411 4012 490 4077 qnasi
517 4028 546 4064 se
563 4011 703 4084 indignam
727 4019 874 4086 reiecisse3
904 4036 935 4072 ac
955 4021 1009 4071 nisi
1027 4019 1099 4073 chio
1120 4036 1136 4070 a
1157 4019 1279 4070 Romano
1302 4011 1406 4082 imperia

327 4075 420 4128 avulsa
433 4078 488 4132 sibi
504 4083 615 4151 penitus
630 4083 748 4150 cederet,
767 4089 844 4140 nulio
860 4106 889 4142 se
900 4089 954 4142 alio
971 4091 1029 4142 eius
1047 4087 1182 4144 beneficia
1200 4103 1215 4140 c
1233 4103 1279 4140 ere
1290 4085 1407 4136 iactam:

326 4149 357 4196 et
374 4161 409 4199 ne
424 4148 517 4204 irritus
532 4168 564 4204 ac
575 4157 737 4210 temerarius
754 4157 833 4212 lahor
847 4159 1065 4232 impossibilibus
1084 4159 1146 4212 sibi
1158 4105 1307 4212 suadendis
1326 4149 1406 4206 susci·

325 4224 451 4286 peretur,
478 4222 626 4280 monuisse.
672 4223 732 4299 Qui
752 4227 882 4297 aderant,
907 4229 1001 4286 Latini
1025 4229 1201 4304 praesertim,
1223 4227 1327 4284 ictuum
1342 4219 1402 4275 τόθ’
