2986 4862
469 247 758 316 fflsuosussun
787 256 828 318 ιι.
850 261 905 326 ιο.
1144 230 1234 333 διδ

139 399 239 472 αὑτόν
258 400 459 492 νενικήκαμεν
478 395 575 480 αὖθις
594 403 650 470 καί
666 403 748 494 πρός
767 404 824 492 τήν
843 407 1000 494 προτέραν
1020 399 1043 494 ἢ
1061 405 1118 475 καὶ
1134 407 1301 493 μείζονας.
1314 425 1381 495 1329

138 499 361 590 συνήλόσαμεν
382 495 526 590 όπορίαν.
548 499 631 590 όρῶν
649 505 687 570 δὲ
704 505 821 583 ἐκεῖνος
841 503 885 584 ὥς
905 505 964 573 osis
980 497 1058 572 ἄνευ
1077 509 1333 586 κτνδόνωνΡ.259

138 603 159 671 ό
180 601 316 686 πόλεμος
336 601 422 692 αὑτῷ
438 601 633 690 τελευτήσει,
658 596 756 684 αὖθις
775 605 980 694 ἔπρεσβεόετο
1001 601 1078 690 ὑμῖν
1097 606 1173 694 περὶ
1189 611 1237 676 εῖ-

138 699 293 792 ρήνης,ὑ
322 703 404 790 μηδὲ
432 699 520 786 ἴχνος
550 705 702 791 πρότερον
729 703 920 791 ἀνεχόμενος
940 699 1047 793 αὑτῆς.
1086 703 1179 790 ὑμεῖς
1198 711 1236 776 δὲ

116 805 198 873 5οόκ
219 799 282 869 οἶδ’
301 797 370 887 δ,τι
389 801 563 887 παθόντες,
603 805 816 874 disvissais
836 809 998 896 προτέρων
1021 809 1236 891 διδαχθέντας

138 911 338 992 σωφρονεῖν,
359 901 452 984 ὑμεῖς
471 904 507 968 δὲ
524 895 675 970 τάναντία
694 906 755 970 τῶν
775 902 909 974 δεόντων
929 909 1083 991 ε’ποιεῖτε,
1104 904 1160 972 καί
1177 903 1236 993 τήν

139 999 244 1090 όρχήν
263 1003 453 1088 παρεδίδοτο
474 1003 563 1093 αὑτῷ
583 1003 690 1070 πᾶσαν
709 1004 766 1070 καί
784 1003 842 1095 τήν
862 1004 1032 1092 ήχεμονόεν
1062 1008 1125 1072 τόν
1151 1031 1236 1092 πρα-

137 1105 271 1192 γμάτων
296 1103 352 1168 κατ’
377 1105 511 1190 προσέτι
532 1104 679 1190 φέροντες
698 1101 785 1190 ὑμᾶς
805 1101 942 1191 αότοός,
973 1109 1032 1196 (isi
1050 1102 1112 1193 χεὶρ
1134 1107 1236 1190 λέγειν

139 1201 197 1270 καί
213 1199 300 1289 ήμᾶς
313 1200 388 1279 τοός
407 1199 574 1290 ὑπηκόους,
593 1202 693 1270 πολλὰ
713 1207 1026 1292 δυσανασχετοῦντας
1046 1206 1102 1272 κατ’
1118 1228 1236 1289 μονον-

138 1401 215 1488 περί
239 1403 323 1488 ἡμᾶς
349 1402 562 1488 γεγενημένοι,
596 1401 733 1486 οἰόμενοι
758 1397 816 1470 κόν
850 1399 935 1473 οὑτω
966 1407 1073 1472 πᾶσαν
1093 1405 1334 1486 πολέμουν.ιο8

137 1502 301 1591 πρόφασιν
320 1500 547 1590 περιαιρήσειν.
567 1497 585 1568 ό
608 1505 638 1569 δ’
658 1498 764 1592 ιόσπερ
786 1503 900 1590 στενήν
920 1499 1009 1594 αὑτῷ
1027 1507 1084 1590 τῆς
1102 1505 1159 1589 χής
1177 1499 1262 1588 τήνΒ

139 1601 261 1689 οἴκησιν
282 1603 486 1690 παρεχούσης
501 1603 531 1668 εἰ
551 1597 673 1689 ταότήν
689 1605 785 1690 οἶκείη
796 1609 872 1687 μεθ’
888 1603 990 1688 ὑμῶν,
1011 1596 1108 1680 αόθις
1127 1603 1236 1668 ἐπολί-

136 1727 241 1790 μησε,
262 1701 317 1768 κατ’
336 1701 442 1788 τρίτον
461 1703 562 1788 μηδὲν
582 1701 666 1786 ἔχων
687 1706 844 1788 ἐγκαλεῖν,
866 1703 975 1770 οὐκέθ’
995 1697 1100 1788 όόσπερ
1121 1697 1236 1786 πρότε-

100 1809 198 1890 ι5ρον
220 1795 454 1890 όπαρασκεόως
486 1804 542 1868 καί
560 1803 594 1883 ἐξ
615 1801 750 1891 ἐφόδου,
772 1800 853 1868 titt
872 1799 972 1869 πολλοὶ
992 1797 1145 1888 πρότερον
1157 1821 1235 1866 συν-

138 1905 369 1985 εσκευασμένος
398 1899 474 1988 περὶ
501 1902 560 1988 τήν
580 1895 736 1990 ἑσπέραν,
765 1905 822 1970 κατ’
838 1899 991 1988 στρατιὰν
1011 1895 1177 1985 ἐπαγωγόν
1196 1892 1236 1984 ή-

139 2011 197 2086 μῖν
217 2000 332 2087 πλήθει
349 2001 406 2066 οὑκ
429 1995 535 2088 όλίγον
552 1999 774 2090 ὑπερέχουσαν
793 1999 884 2088 ἡμῶν
897 1996 1163 2084 υόκὲξἝλλήνων
1174 1993 1237 2081 μό-

140 2127 194 2171 νον
215 2103 280 2168 τόν
298 2095 417 2167 αότόθι
435 2099 680 2188 κατοικούντων,
700 2096 781 2170 ἄλλό
802 2105 946 2170 arnissis
959 2097 1134 2188 προσοίκων
1148 2102 1233 2182 βαρ-

138 2201 249 2289 βάρων
274 2203 475 2285 συμμαχίδα.
519 2199 655 2289 δρῶντες
684 2204 719 2268 δὲ
749 2205 847 2268 ταῦθ)
875 2197 988 2285 ὑμεῖς,
1017 2195 1162 2276 ἐλθόντες
1190 2195 1237 2272 εἰς

95 2299 327 2383 υοΒνζόντιον,
349 2303 474 2366 ἐδεῖσθε
491 2304 648 2384 βασιλέως
668 2299 743 2391 περί
756 2299 891 2388 εἰρήνης.
910 2298 927 2366 ὑ
946 2301 978 2365 δ’
996 2292 1090 2364 otidis
1109 2285 1237 2382 ἦττονή

136 2399 292 2488 πρότερον
303 2393 345 2486 ἦν
361 2399 516 2478 όδὺνατος
529 2405 712 2489 πεισθῆναι,
728 2400 784 2468 καὶ
796 2400 850 2468 διό
861 2403 953 2468 rorico
968 2397 1147 2483 ἀναγκαίως
1157 2391 1238 2486 πρός

138 2497 196 2568 τόν
209 2495 347 2584 πόλεμον
362 2497 417 2566 καὶ
434 2500 541 2590 τρίτον
560 2497 743 2590 ἐχωρήσατε
762 2499 866 2586 ὑμεῖς.
885 2497 942 2566 καὶ
954 2497 1045 2586 ἡμεῖς
1065 2493 1124 2584 τήν
1137 2495 1265 2582 ὑπερ-0

139 2717 224 2768 mut„
242 2705 405 2775 suppliciter
426 2717 570 2782 rogantes,
596 2728 633 2764 ne
651 2727 702 2765 nos
720 2711 822 2764 mutuis
842 2707 973 2763 caedibus
991 2707 1107 2761 interire
1123 2709 1237 2776 patere·

138 2782 193 2827 tur.
239 2773 295 2828 Sed
318 2779 342 2830 si
368 2780 545 2849 quodetiam
562 2783 665 2836 crimen
682 2781 762 2836 robis
781 2783 948 2844 intentaret,
975 2779 1005 2830 in
1023 2775 1129 2830 iudicio
1148 2774 1237 2827 disso-

138 2845 255 2900 luturos.
301 2847 327 2900 1s
351 2852 520 2906 mentionem
544 2853 618 2922 pacis
643 2870 696 2906 nec
720 2851 755 2905 ad
779 2867 896 2904 summas
914 2865 993 2902 aures
1012 2846 1134 2901 admisit.
1177 2837 1235 2896 Nos

139 2915 266 2993 undique
284 2917 493 2975 difficultatibus
512 2925 659 2987 coarctati,
683 2939 775 2976 rursus
794 2921 942 2974 discrimen
961 2917 1086 2971 adimus:
1104 2923 1134 2968 et
1145 2913 1234 2968 altaro

139 2986 269 3041 adversus
287 2989 366 3041 ilium
386 2991 460 3045 bello
480 2995 580 3046 iterum
596 2995 733 3048 uincimus
761 3001 791 3045 et
817 2990 852 3044 ad
875 2992 981 3062 priores
1002 3005 1082 3051 eum,
1108 2992 1159 3038 aut
1175 3001 1235 3037 ιιιι-

139 3059 213 3112 iores
233 3061 315 3112 etiam
333 3065 471 3131 angustias
490 3064 645 3135 redigimus.
690 3063 747 3132 Qui
775 3062 880 3115 bellum
907 3063 975 3115 citra
999 3073 1135 3112 summum
1156 3055 1233 3125 peri-

138 3129 232 3182 eulum
250 3148 329 3182 suum
344 3130 419 3185 houd
430 3136 539 3188 tiniturn
559 3137 595 3189 iri
615 3134 842 3198 animadvertens,
860 3131 893 3186 de
913 3147 980 3203 pace
997 3146 1046 3186 vos
1063 3145 1121 3200 per·
1130 3126 1235 3196 legatos

137 3201 276 3269 appellat:
310 3219 370 3254 curn
390 3203 457 3256 alios
477 3223 630 3260 nonomen
650 3207 762 3278 quidem
783 3205 843 3257 eius
861 3203 1046 3258 sustinuisset.
1080 3197 1166 3252 Vobis
1185 3213 1236 3249 an·

137 3277 196 3324 tem
213 3271 306 3324 nescio
326 3272 394 3342 quid
412 3277 478 3328 mali
498 3279 568 3330 malo
585 3278 725 3332 obiectum
745 3284 788 3329 est
806 3291 899 3328 manu.
942 3273 1012 3326 Nam
1033 3287 1095 3324 cum
1120 3267 1237 3322 debuis-

138 3344 206 3394 setis
225 3359 258 3394 ex
278 3346 440 3413 antegressis
459 3365 568 3418 sapore,
593 3347 766 3417 desipuistis:
799 3347 1002 3429 imperiumque
1030 3347 1120 3393 totum
1138 3347 1168 3390 et
1184 3336 1238 3422 ad·

138 3413 372 3466 ministrationem
399 3433 488 3469 rerum
514 3427 543 3471 et
568 3420 750 3488 vosmetipsos
769 3418 884 3486 insuper
902 3417 929 3468 ei
950 3432 981 3466 ιιι
1000 3427 1097 3464 manus
1115 3407 1235 3462 traditr-

139 3483 205 3546 Ιῑῑῡι
229 3483 342 3555 (omitto
361 3485 434 3538 enirn
454 3487 559 3552 dicere,
590 3497 618 3542 et
636 3507 686 3542 nos
712 3487 855 3548 subditos,
885 3501 964 3556 aegre
988 3481 1135 3536 admodum
1161 3478 1235 3530 istus

137 3553 276 3621 patientes
296 3563 324 3606 et
341 3556 470 3610 iniurium
489 3567 595 3612 tantum
613 3577 670 3612 non
688 3557 905 3627 lamentantes,)
923 3555 1020 3608 iniusti
1040 3561 1068 3606 et
1085 3565 1234 3620 propemo-
1303 3595 1304 3598 ,

139 3623 207 3676 dum
226 3623 380 3694 proditores
398 3631 485 3682 nostri
504 3631 609 3692 effecti,
634 3629 700 3684 dum
724 3629 820 3681 saltem
837 3623 890 3680 istn'
909 3628 953 3680 via
970 3641 1080 3678 omnem
1097 3637 1144 3672 τοι
1163 3617 1234 3670 belii

139 3695 312 3748 occasionem
328 3713 370 3748 am
393 3707 515 3752 utaturos
534 3700 652 3755 creditis.
688 3699 725 3752 dt
743 3699 791 3750 ille
809 3697 925 3768 perinde
944 3713 976 3750 as
993 3695 1018 3748 si
1037 3693 1118 3747 telius
1133 3689 1159 3741 ei
1175 3704 1234 3742 noa

139 3765 292 3829 sufficeret,
324 3769 348 3820 si
373 3714 448 3822 diano
474 3769 615 3824 vobiscum
639 3771 796 3832 habitaret,
824 3767 859 3822 de
888 3768 995 3839 integro
1018 3781 1049 3817 aa
1066 3759 1176 3814 tertisam
1197 3757 1233 3811 ad

139 3851 215 3888 arma
238 3837 329 3902 venit,
357 3855 418 3890 curn
444 3841 516 3894 nihil
542 3849 613 3894 esset
640 3840 716 3914 quod
740 3841 803 3894 loco
828 3841 951 3894 oriminis
971 3835 1128 3890 obiectasei.
1175 3827 1234 3883 Nea

139 3905 197 3960 iam
223 3907 374 3977 imparatus
402 3917 432 3962 et
454 3913 531 3965 velut
557 3929 592 3966 ex
617 3913 717 3966 itinere
742 3919 775 3964 ut
799 3911 882 3975 alias,
910 3907 959 3963 sed
984 3905 1071 3959 multo
1089 3909 1170 3954 antea
1187 3900 1234 3952 in·

140 3985 260 4030 structus
278 3978 309 4029 in
326 3977 487 4046 occidente,
517 3983 722 4054 exercitumque
745 3989 840 4035 contra
862 3993 912 4056 nos
930 3994 987 4034 saon
1005 3991 1040 4030 ex
1058 3973 1168 4026 Graecis
1185 3987 1233 4024 ιο·

140 4047 199 4102 ium
216 4045 276 4100 illio
292 4049 493 4116 incolentibus,
525 4051 574 4105 sed
598 4069 633 4106 ειι
655 4053 755 4106 vicinis
773 4066 885 4124 quoque
905 4045 1030 4104 barbaris
1048 4042 1234 4103 auxitiurium,

139 4126 236 4173 nostro
253 4133 311 4172 non
328 4121 410 4191 paulo
428 4123 642 4179 numerosiorem
660 4123 785 4182 sdduxit.
820 4121 884 4193 Quo
900 4125 1056 4190 comperto,
1072 4111 1234 4184 Byzantium

139 4189 278 4262 profesti,
307 4206 414 4266 passm„
430 4195 591 4267 mansistis,
619 4211 680 4250 συιιι
705 4193 844 4272 postulata
870 4205 959 4266 aequo
983 4195 1016 4246 ut
1039 4193 1104 4244 sate
1130 4183 1234 4242 ιελεσιι
