2986 4862
455 315 739 390 ιιιετοιιιιιιυιι
764 327 806 406 ιι
823 333 857 403 ο.
1113 299 1199 413 369

112 469 178 538 e&
195 467 324 538 πάντων
341 465 435 542 aiter
456 477 513 563 τῆς
532 471 684 563 άληθείας
703 481 923 566 προεθέμεθα,
954 479 1011 548 νόν
1034 503 1068 546 τε
1095 478 1265 558 οάτοτςὲῦ·
1278 487 1344 559 ¹329

113 569 161 646 τός
187 571 304 654 ἐγένετο
332 577 406 660 περί
428 577 486 640 τοῦ
512 575 695 662 πράγματος
725 576 782 662 τὴν
810 579 953 664 διήγησιν
986 567 1296 662 α’ποόιόόαμεννῖῑῦἳ

112 669 209 753 όμῐν,
239 665 283 748 σός
312 671 373 756 οόχ
400 667 486 753 όπαξ
514 675 589 742 ου’άὲ
616 674 666 752 tic
686 677 740 742 καί
758 673 922 764 τετράκις,
948 675 1029 744 diti
1050 677 1106 744 καί
1121 685 1199 744 πολ.-

112 768 204 846 λάκις
220 769 371 853 βασιλεός
396 763 597 859 Ἀνδρόνικος
620 773 639 840 ό
656 776 724 850 νέος
736 774 1005 860 Καντακουζηνόν
1023 773 1078 842 τὸν
1096 778 1198 860 μέγαν
1290 787 1298 808 ⁸

91 873 297 952 ὀάομέστικον
329 863 386 960 ὅλῃ
421 871 529 961 γνώμῃ
565 877 620 939 καί
654 873 739 961 πάσῃ
769 875 891 962 σπουδῇ
925 885 991 953 τοῖς
1023 879 1198 960 βασιλικοῖς

110 971 249 1056 ἠθέλησε
284 972 443 1055 κοσμῆσαι
478 971 679 1058 παρασήμοις
706 971 761 1040 καί
787 972 1002 1060 συγκάθεδρου
1030 969 1117 1063 αὐτῷ
1142 977 1199 1038 κατ’

108 1065 385 1151 συμβασιλεόοπα
411 1067 600 1150 dundorgum·
636 1071 736 1137 αότοό
763 1073 798 1137 δὲ
826 1075 1077 1159 παραιτουμένου
1105 1075 1225 1156 dcxv-ii

109 1169 176 1253 ρῶς
212 1166 269 1232 καὶ
299 1165 376 1253 μήδ’
401 1161 443 1235 όν
470 1167 531 1235 εἴτι
562 1173 697 1254 γένοιτο,
736 1170 968 1260 πεισθήσεσθαι
994 1173 1197 1260 ἰσχυριζομέ-

111 1291 184 1348 νου,
199 1257 330 1351 ’ἤλγησέ
348 1289 382 1332 τε
409 1266 594 1356 σφοδρῶςό
621 1268 769 1352 βασιλεὺς
794 1268 926 1336 έπιπσλό
948 1275 1004 1337 και·
1027 1273 1081 1358 τῆς
1105 1265 1197 1336 όκαί-

72 1389 170 1454 ιορου
200 1370 423 1450 κατεμέμψατο
452 1369 654 1455 φιλονεικίας.
695 1371 738 1460 τῷ
763 1372 824 1453 μὲν
852 1368 891 1456 όὴ
917 1367 1036 1450 ἔξωθεν
1055 1368 1197 1458 σχήματι

106 1467 166 1531 καί
183 1469 224 1556 τῇ
243 1470 393 1555 περιβολῇ
413 1461 520 1555 οόχῇ
550 1468 639 1553 ἠξίου
677 1469 811 1554 ἐγεγόνει
844 1467 862 1536 ό
889 1471 1048 1553 βασιλεύς·
1095 1468 1198 1558 ἔργοις

105 1568 143 1632 δέ
172 1565 266 1632 oddo
291 1555 332 1651 ἦν
359 1565 475 1650 σχεδόν
505 1567 669 1655 διαφέρων
697 1572 862 1652 βασιλέως.
908 1561 930 1654 ἦ
960 1591 994 1632 τε
1023 1565 1085 1655 γάρ
1115 1571 1196 1634 διοί-

105 1687 198 1750 κησις
215 1667 280 1730 redu
300 1665 490 1752 πραγμάτων
509 1669 597 1734 πάσα
624 1665 679 1732 ὕπ’
702 1667 789 1756 αὐτῷ
808 1661 868 1752 ἧν,
906 1671 962 1734 καί
980 1665 1018 1734 τά
1039 1669 1195 1752 βασιλέως

104 1763 339 1853 προστάγματα
366 1765 429 1848 οόχ
444 1755 549 1852 ἦττον
569 1760 592 1850 ἢ
611 1763 708 1842 αότός
733 1765 884 1850 βασιλεῦς
903 1768 1057 1853 έρυόραϊς
1078 1765 1195 1852 duaeq-

69 1862 237 1949 ι5μαίνετο
257 1863 470 1952 όπογραφαῖς,
491 1866 548 1930 καὶ
565 1861 589 1930 ά
608 1865 771 1952 ἐξεφέρετο
791 1870 867 1952 παρ’
888 1860 1021 1948 ἑαυτοῦ,
1043 1861 1101 1950 τὴν
1121 1861 1193 1949 ἴσην

103 1966 163 2030 κατ’
183 1957 296 2044 όμοίαν
317 1961 453 2046 δύναμιν
472 1972 539 2042 τοῖς
555 1965 711 2046 βασιλέως
731 1959 833 2048 εἶχεν,
854 1963 911 2030 καὶ
929 1955 1030 2030 τάλλα
1052 1957 1111 2028 όσα
1131 1968 1192 2048 βσ-

101 2065 217 2140 σιλέιος
237 2059 313 2156 ἔργα
334 2053 390 2148 ἦν,
411 2061 468 2128 καὶ
483 2063 572 2150 ου’τῷ
584 2064 667 2147 ἐξῆν.
686 2061 858 2149 στρώμασί
870 2087 904 2130 τε
923 2060 983 2150 γάρ
1002 2059 1215 2150 έφόπνιοττεῦ

101 2163 276 2246 βασιλέως,
303 2157 408 2226 εἴποτε
433 2165 665 2250 στρατευομένῳ
692 2163 858 2247 συνέβαινε
878 2171 941 2240 τοῖς
962 2156 1063 2228 σότοό
1082 2185 1193 2228 σκευο-

102 2259 218 2350 φόροις
237 2258 282 2346 pr)
304 2269 462 2348 παρεῖναι,
485 2259 543 2328 καί
558 2265 597 2350 τῇ
616 2265 771 2345 βασιλέως
792 2262 897 2350 κλίνῃ,
917 2255 940 2350 ᾗ
956 2263 1039 2348 μηδὲ
1058 2259 1119 2349 υἱῷ
1138 2259 1195 2326 καὶ

63 2365 242 2446 ‚opacare
263 2363 294 2425 εἰ
312 2357 357 2446 μή
378 2360 579 2450 ἐπιτραπείη,
599 2358 730 2446 ἔξεστιν,
753 2360 849 2440 αότός
870 2355 1046 2428 άνεκλίνετο
1067 2356 1191 2426 α’κωλό-

103 2485 170 2536 ττσς
191 2458 312 2543 ὁμοίως
332 2483 365 2525 τε
385 2458 517 2542 άπόντος
545 2457 600 2528 καί
625 2459 780 2548 παρόντος
807 2464 963 2545 βασιλέως
969 2509 980 2543 ,
1011 2454 1129 2542 ἐμβάσι
1157 2479 1192 2524 τε

101 2562 221 2648 ἐχρῆτο
240 2567 306 2635 ταῖς
327 2562 507 2642 βασιλικαῖς
527 2553 711 2647 άόεέστερον
731 2553 753 2646 ἢ
773 2569 842 2638 ταῖς
862 2560 978 2642 ἰδίαις,
1000 2553 1095 2622 όπότε
1115 2579 1191 2620 συν-

103 2657 375 2745 διανυκτερεόσειε
394 2663 536 2743 βασιλεῖ,
569 2662 625 2726 κατ’
649 2661 751 2726 πάντα
771 2655 906 2748 ἔτραπε
926 2657 1113 2742 βασιλικάς,
1146 2651 1191 2730 τός

173 2823 432 2894 nn.r¹1'addED.P.
482 2823 769 2900 ουνέιανοντιρεόστι
789 2827 936 2899 legebatur.
1002 2825 1006 2834 '

101 2979 176 3037 qnae
194 2965 310 3030 narravi,
326 2965 372 3018 rel
384 2963 479 3018 odium
493 2965 539 3019 vei
556 2965 721 3037 gratiamrei
735 2963 811 3019 aliud
828 2963 978 3038 quidquam
990 2961 1098 3018 veritati
1128 2977 1189 3016 rae·

99 3037 246 3106 potuim:
268 3043 298 3089 et
321 3053 396 3089 nunc
412 3053 468 3090 rem
484 3045 586 3108 gestam
609 3046 641 3090 ut
662 3045 734 3107 genta
753 3045 796 3090 eat
808 3037 886 3089 vobio
902 3034 1056 3090 tradidiaao.
1117 3049 1188 3104 eque

97 3121 166 3160 vcro
190 3107 274 3159 cornel
293 3106 370 3160 biave
391 3116 536 3180 quaterve,
553 3106 601 3160 red
622 3109 731 3178 aacpiua
752 3107 924 3161 Andronico·
937 3105 1029 3166 iunior
1042 3105 1189 3174 imperator

98 3176 323 3230 cantatuzenun
340 3193 467 3248 magnum
477 3177 657 3232 domeaticurn
669 3185 727 3232 toto
748 3185 858 3249 pectore
879 3185 908 3230 et
928 3177 1004 3232 omni
1024 3183 1123 3230 conatu
1144 3190 1189 3226 or·

98 3247 239 3300 namentia
255 3249 438 3316 imperatoriis
454 3248 643 3313 condecorare,
653 3249 763 3322 sibique
776 3265 936 3302 necatorem
945 3255 974 3300 et
983 3247 1113 3317 collegam
1121 3261 1186 3298 coo-

97 3327 182 3388 ptare
192 3317 341 3371 contendit
368 3319 431 3389 Quo
453 3309 606 3390 dimiopcre
622 3319 791 3374 detrectante
813 3320 1054 3404 contemnamque,
1071 3333 1125 3386 quo
1142 3331 1186 3368 rer

99 3387 412 3458 cumqnceaderet,nun
451 3407 494 3442 am
509 3407 539 3444 ae
550 3389 807 3461 obtemperaturum,
818 3390 871 3443 diu
879 3391 909 3442 in
961 3407 1004 3442 avr
1021 3387 1187 3460 aegrimonia

99 3466 225 3511 reraatua
238 3467 280 3512 eat
290 3465 318 3511 et
331 3461 414 3512 immo
436 3461 572 3514 'cernetur
586 3459 801 3514 obstinationem
820 3462 850 3512 in
859 3476 937 3528 repre
960 3460 1072 3512 enaione
1086 3458 1186 3526 potuit·

97 3529 245 3583 Exteriore
263 3528 375 3601 quidem
393 3529 491 3584 babitu
507 3531 663 3600 vestituque
677 3549 733 3584 non
747 3547 779 3582 eo
796 3529 951 3592 incedebat,
969 3547 1023 3601 quo
1040 3531 1187 3598 imperator

95 3600 274 3670 postulabat:
293 3600 342 3654 acd
359 3600 513 3654 actionibus
526 3601 722 3674 propemodum
735 3601 807 3654 nihii
820 3601 854 3654 ab
870 3615 903 3653 eo
930 3599 1082 3657 differebat.
1116 3597 1186 3650 Nam

97 3677 130 3722 et
144 3685 233 3722 rerum
246 3677 307 3724 tota
322 3669 524 3724 adminiatratio
537 3687 623 3742 ponec
644 3671 722 3724 ilium
744 3679 819 3738 erat,
837 3677 866 3724 et
886 3669 984 3723 edictis
1003 3668 1186 3742 imperatoriis

96 3741 265 3810 aequanti
287 3757 316 3795 ac
335 3743 482 3813 imperator
508 3743 596 3796 minio
620 3757 668 3794 acu
688 3741 829 3795 cinnabari
837 3739 1039 3794 rubacribcbatr
1060 3755 1186 3811 quaeque

96 3811 161 3881 ipae
180 3757 356 3880 procuderet,
380 3811 497 3884 perinde
519 3813 741 3882 accipiebantur,
759 3815 877 3883 atqueai
898 3810 934 3864 ab
952 3829 999 3864 ora
1017 3809 1186 3879 imperatoria

95 3879 284 3952 prodiissent:
310 3891 339 3937 et
360 3881 411 3936 reli
449 3899 465 3934 a
486 3881 616 3946 demum,
633 3899 818 3954 quaecumque
837 3881 1119 3954 imperatoesaceret‚
1139 3894 1186 3930 ea-

97 3951 163 4004 dcm
183 3953 236 4020 ipai
253 3953 384 4006 licebant.
444 3969 486 4004 am
499 3959 528 4006 et
540 3953 571 4005 iu
589 3955 648 4006 eiua
671 3953 788 4024 ttragula
811 3961 886 4008 reate
909 3967 1030 4006 romaum
1051 3949 1185 4020 capiebat,

96 4025 123 4076 ai
142 4021 253 4106 qnando
272 4025 303 4076 in
319 4021 497 4094 expeditione
517 4025 675 4095 contigitrct
688 4024 828 4076 miniatroa
845 4023 1045 4094 supellectilem
1065 4037 1113 4073 reu
1131 4020 1185 4072 im-

93 4089 256 4162 pedimenta
267 4101 406 4164 portantes
422 4111 479 4146 non
491 4093 601 4147 adeone:
627 4101 655 4148 et
672 4093 700 4148 in
719 4093 861 4166 grabatulo
882 4093 1004 4148 eiusdem
1023 4089 1185 4164 (quod’nec

96 4163 176 4226 iiiia,
194 4171 223 4216 ot
245 4163 357 4236 quidem
370 4165 542 4236 imperatori,
560 4167 613 4218 ntai
625 4165 655 4218 id
673 4166 700 4218 ei
714 4181 811 4234 perena
831 4165 959 4228 deferret,
978 4165 1017 4216 iar
1031 4163 1108 4230 erat)
1124 4161 1184 4228 ipso

95 4233 252 4298 liberrime,
268 4233 353 4307 idque
373 4253 406 4292 eo
425 4243 480 4291 tam
499 4243 658 4306 praetento,
682 4252 763 4308 qnam
778 4236 905 4300 abrentc,
924 4232 1135 4288 meridiabaturr
1155 4235 1184 4281 ot

170 4339 389 4394 Cuntocueenur·
629 4399 633 4412 ‚
953 4333 987 4400 τά
