2946 4872
304 309 357 378 XX
728 304 753 365 l.
771 297 960 372 irottrlnr

303 482 344 544 ab
364 489 434 544 ortu
454 475 588 556 Clulsti,
622 469 797 538 odenmlem
826 469 980 536 ecdesiarn
1004 493 1022 534 a
1046 473 1182 538 fflmuns
1200 465 1379 549 'secessisset

301 579 457 644 Fenmtur
468 581 540 641 item
553 575 686 638 historici
699 593 761 636 aon
774 575 884 657 pauci,
904 571 962 634 hoc
975 583 1080 636 nostro
1093 575 1203 657 purtim
1225 571 1375 655 antiquio·

301 701 373 760 res,
394 681 505 763 purtim
518 676 716 754 maore,
736 693 813 756 qnos
833 670 962 734 eumad
983 693 1078 734 rmum
1098 672 1148 734 vel
1162 673 1194 732 iu
1205 669 1375 753 haereticis,

300 777 351 844 vel
370 781 403 841 in
423 777 616 842 schimaticis
635 776 924 852 iurenumeremus,
955 770 1040 832 nullo
1062 783 1164 833 tumen
1185 768 1379 852 eorumflsine

300 877 414 962 aliquo,
436 875 576 939 omnibus
589 871 678 935 amul
691 874 756 934 sine
769 871 898 944 maximo
911 868 1090 932 detrimento
1104 868 1228 950 ecclesia
1241 868 1379 930 Romana

298 997 401 1040 care-e
421 991 483 1038 nou
497 984 607 1058 potest.
648 973 719 1034 Vin’
737 981 774 1034 tu
794 969 900 1032 audire
920 971 974 1053 qui
997 971 1079 1032 siut?
1133 969 1315 1053 Sopomenus
1348 973 1380 1027 et

298 1076 435 1138 Socrates
449 1076 560 1137 Novati
573 1071 729 1157 perfidiam
744 1071 848 1134 sectati
861 1080 943 1132 arnt.
985 1070 1125 1150 Quorum
1139 1068 1188 1130 hie
1202 1090 1265 1130 non
1275 1064 1378 1128 oblata

297 1175 415 1254 ¹solum,
444 1173 496 1236 sed
518 1171 670 1235 interdum
690 1172 781 1234 etiam
803 1171 937 1260 poesim
956 1170 1111 1234 occasione
1131 1169 1317 1232 Novatianos
1339 1165 1377 1228 li-

295 1273 403 1336 benter
424 1271 544 1353 laudat,
572 1273 644 1354 ipsis
664 1268 810 1333 miracula
829 1267 949 1346 tribuit,
973 1268 1180 1332 Romanunm
1201 1267 1378 1352 pontificum

296 1373 461 1454 potentim
479 1371 628 1452 exagitat:
658 1389 736 1454 quiae
749 1370 852 1433 omnia
867 1365 993 1428 lacobus
1004 1366 1110 1430 Billius
1124 1368 1259 1430 eruditus
1274 1365 1377 1428 Theo-

294 1469 381 1554 logns
394 1469 637 1532 observationum
651 1487 804 1534 socruum
824 1465 904 1531 libro
915 1467 1015 1550 primo
1028 1469 1125 1551 capite
1138 1468 1283 1551 vigesimo
1295 1475 1378 1532 sexto

293 1566 462 1630 luculenter
480 1568 676 1630 demonstrat.
706 1567 754 1628 De
766 1565 938 1649 Nicephoro
953 1564 1077 1630 Callisto
1091 1565 1187 1650 liquet
1205 1587 1239 1629 ex
1254 1567 1376 1628 Genna-

292 1667 336 1730 dii
351 1667 488 1753 apologia
501 1689 558 1752 pro
570 1665 705 1730 Concilio
719 1664 914 1747 ilormtino,
938 1665 993 1730 ubi
1010 1668 1076 1728 eius
1089 1687 1151 1730 non
1167 1677 1232 1732 tam
1250 1666 1376 1748 scripto,

292 1787 384 1850 qum
402 1770 538 1853 conside
555 1777 661 1834 confla
680 1765 805 1830 latinos
819 1764 1009 1830 refellunturs
1025 1777 1060 1830 ut
1074 1764 1112 1828 de
1124 1767 1174 1848 iis,
1194 1785 1273 1850 quae
1287 1784 1375 1848 spar-

291 1869 349 1929 sim
372 1868 404 1930 in
421 1865 689 1928 ‘historismsuam
711 1867 833 1930 sinistra
853 1867 998 1948 inserit,
1028 1865 1105 1930 nibil
1119 1867 1231 1930 dicam.
1273 1866 1375 1928 Zona-

291 1963 726 2046 ramtirisseschismeticum,
751 1965 996 2049 testeripossunt
1015 1967 1233 2050 eiuspoemata
1253 1965 1373 2030 aculeu-

164 2107 170 2118 ,
289 2063 406 2126 tissim
425 2060 465 2124 do
477 2065 666 2148 pmcssione
679 2066 775 2126 macti
789 2063 937 2147 Spiritus,
958 2075 990 2128 et
1009 2063 1069 2128 ulia
1088 2065 1232 2130 adversm
1248 2067 1373 2130 Latium
1398 2089 1401 2102 ·

289 2161 475 2244 composita,
497 2181 575 2244 quea
585 2160 799 2226 Cerrahrartlus
818 2162 892 2234 dum
906 2174 1113 2247 converteret,
1140 2185 1173 2226 se
1186 2165 1374 2226 criminatio·

290 2281 344 2323 aas
358 2258 425 2322 illas
439 2260 574 2324 omisisse
586 2270 702 2324 narrat.
745 2261 794 2324 De
806 2261 1006 2346 Puchymerio
1021 2263 1102 2329 idem
1123 2274 1261 2326 constare
1273 2273 1374 2348 potest

285 2379 324 2427 ex
344 2357 493 2422 adiunctis
507 2359 547 2421 ad
565 2360 733 2444 Gregoram
751 2359 907 2424 Latinum.
948 2362 996 2426 Eu
1013 2373 1084 2426 suut
1096 2365 1216 2448 capitu,
1239 2383 1293 2426 seu
1306 2359 1373 2432 ¹loci

288 2443 392 2522 rerulu
404 2461 550 2522 memorie
563 2459 739 2544 signanum,
755 2481 773 2526 e
786 2461 890 2526 codice
907 2462 1099 2548 Augustam,
1128 2465 1208 2526 carie
1222 2443 1372 2539 coniecto,

288 2557 468 2640 etmutilo,
497 2579 553 2642 pe·
571 2559 705 2644 singulos
724 2559 821 2626 libros
840 2565 988 2645 excerpti:
1023 2564 1109 2625 cuius
1129 2564 1248 2626 suimus
1262 2562 1371 2624 iulio-

286 2675 408 2719 manam
430 2656 585 2720 ecclcsim
607 2657 706 2742 qualis
726 2659 835 2742 fluuit,
860 2681 895 2724 ex
917 2664 1046 2744 quinto,
1075 2672 1180 2742 sexto,
1209 2671 1241 2722 et
1262 2670 1372 2722 octavo

285 2757 475 2840 potissimum
496 2756 582 2822 libris
595 2757 839 2843 deprehenditur.
886 2760 1092 2844 Nicephorum
1106 2762 1273 2842 Gregoram
1292 2777 1371 2840 quo-

284 2877 365 2940 qne,
393 2867 424 2919 et
438 2857 574 2920 Niceten
586 2857 765 2922 Chonistum
780 2879 885 2924 corum
904 2869 1098 2922 monumenta
1112 2857 1254 2943 produnt
1280 2855 1372 2918 Adde

283 2955 345 3018 lanc
363 2955 556 3036 cadmum,
580 2955 729 3042 Glycam,
756 2959 987 3022 Constantium
1008 2961 1197 3038 Manassem,
1225 2957 1372 3018 loannem

285 3065 316 3116 et
334 3055 498 3137 Georgium
529 3055 727 3140 Curopalatas
764 3068 795 3118 et
809 3057 904 3135 alios,
934 3060 1166 3139 squamarum
1205 3054 1284 3118 Nem
1313 3074 1371 3138 per

284 3150 337 3212 illa
350 3161 488 3233 tempore
507 3163 570 3214 tam
583 3174 645 3214 nou
668 3154 756 3218 facile
772 3155 975 3236 monachum,
1000 3166 1054 3218 aut
1066 3157 1243 3240 scriptorem
1264 3175 1283 3216 a
1304 3153 1369 3216 Ro-

284 3269 375 3312 mana
388 3248 513 3312 ecclesia
523 3255 587 3314 nou
599 3251 814 3316 alienissimum
828 3265 894 3316 erat
905 3257 1042 3318 invenire
1062 3258 1095 3318 in
1110 3257 1249 3334 Graecia,
1274 3270 1370 3335 mem

283 3347 376 3410 bodie
397 3347 518 3412 difficile
537 3361 584 3413 est
603 3373 782 3436 praeconem
801 3353 888 3418 verbi
906 3354 987 3435 Dei,
1015 3365 1068 3418 eut
1087 3355 1287 3438 professorem
1305 3350 1367 3416 ca-

281 3445 429 3510 tholicum
450 3451 586 3513 inversis-e
605 3453 639 3513 in
651 3451 788 3516 Saxonis.
829 3453 872 3516 Et
893 3453 1087 3538 quitaudcm
1105 3453 1170 3518 ficri
1188 3461 1305 3538 potest,
1331 3460 1369 3512 ut

282 3549 336 3630 qui
369 3545 561 3612 Putriamhss
591 3549 937 3636 Constantinopolitanos
971 3555 1176 3616 schismaticos
1212 3547 1368 3636 appellant

282 3647 505 3729 metuimus,
526 3652 755 3733 occumeuicm,
786 3662 818 3714 et
840 3654 993 3736 principes
1008 3651 1170 3734 adauae,
1198 3652 1257 3734 ipsi
1283 3650 1366 3711 eius-

282 3742 353 3806 dem
377 3743 492 3808 farinae
510 3766 573 3809 nou
594 3748 731 3812 frimmt?
751 3749 784 3814 Si
806 3769 862 3836 ego
875 3755 1048 3836 quempiam
1060 3749 1366 3836 Superinteudentem

282 3843 460 3904 unctissimi
483 3845 632 3910 vocabulo
655 3847 822 3930 afficerem,
854 3849 964 3930 credo,
992 3849 1106 3934 aliqui,
1140 3851 1204 3912 imo
1223 3846 1363 3932 plurimi,

280 3957 337 4002 nec
359 3941 489 4021 iniuria,
521 3963 571 4008 me
592 3946 799 4012 Luthersnum
829 3958 882 4011 aut
904 3947 1116 4012 Celsinianum
1146 3967 1210 4010 esse
1238 3943 1365 4026 collige·

279 4047 359 4102 rest.
413 4039 515 4126 atque
535 4046 631 4111 utel)
652 4045 801 4112 binemus
821 4047 983 4132 abeamtm
1012 4060 1043 4114 et
1059 4046 1099 4114 ad
1112 4043 1187 4112 alios
1201 4045 1365 4133 scriptores
