2946 4872
248 295 371 358 xxvur
445 289 446 292 ‘
667 291 705 351 ι.Ὶ
727 287 903 354 rumim
966 265 1000 332 -’
1103 287 1108 300 ·

247 463 352 544 ovium
374 459 560 544 septuaginta
581 455 687 548 miliia.
743 457 789 520 Ut
801 455 861 520 iim
875 479 937 522 non
956 461 1015 540 sit,
1033 480 1089 526 eur
1102 482 1205 548 greges
1219 475 1249 527 et
1271 434 1325 527 er.

248 572 350 626 menta
370 559 451 622 illius
465 559 520 622 lob
541 562 695 623 miremur.
740 559 857 622 Verum
877 561 935 623 ista
956 562 1037 644 apud
1062 564 1152 626 urbes
1174 557 1328 628 Thraciis

247 683 310 725 non
342 681 458 750 unm,
483 659 535 722 scd
548 657 650 743 plures
668 656 809 742 possedit.
858 659 938 721 vida
965 658 1019 730 lib.
1044 661 1075 724 5.
1101 685 1168 746 cop.
1191 663 1241 743 ηιξ.
1270 663 1327 725 ubi

248 765 309 842 nit,
331 759 388 823 sibi
404 771 468 822 toto
480 761 607 844 imperio
619 760 756 820 Romano
767 779 896 842 spos-sss,
920 780 1029 843 eosque
1047 761 1207 824 immersos
1223 765 1326 845 copies

249 871 340 943 atquc
353 879 433 942 opes.
473 858 516 920 Et
530 860 619 921 inei
631 855 680 925 36.
720 857 749 920 E
768 857 943 941 supellectili
964 881 1055 922 suren
1074 871 1105 922 et
1117 871 1257 945 argenteo
1271 882 1324 924 su-

249 981 305 1044 pra
322 959 449 1048 ducenta
462 977 535 1022 vasu
555 969 661 1026 mutuo
675 957 871 1041 desponsio,
893 961 989 1044 capite
1001 961 1145 1045 vigesimo
1162 973 1282 1046 qusrtm

684 1313 895 1368 snoots.

329 1453 399 1519 Lib.
423 1472 450 1516 m
468 1473 534 1540 cop.
556 1451 608 1516 58.
650 1454 842 1518 Andronicus
868 1455 969 1518 senior
998 1453 1063 1518 cius
1082 1454 1272 1541 prudentiam
1292 1459 1324 1520 in

250 1554 350 1618 dendo
370 1553 494 1618 consilio
524 1552 708 1637 odmisnmr,
741 1572 832 1640 sequc
857 1557 890 1618 in
916 1553 970 1620 illo
988 1557 1037 1620 evi
1063 1560 1191 1620 materni
1219 1546 1325 1640 imagi·

249 1676 321 1717 nem
340 1657 449 1717 intueri
469 1666 641 1734 asseverat,
661 1658 714 1740 qui
733 1667 797 1720 tam
816 1655 954 1721 celeriter
973 1658 1155 1740 anipuissc,
1175 1667 1246 1719 tam
1257 1669 1328 1741 apte

250 1753 443 1838 explicasset,
463 1765 493 1816 et
512 1757 714 1840 promtissime
731 1757 937 1839 transegisset,
965 1777 1043 1839 quoe
1061 1777 1110 1819 res
1129 1755 1327 1839 postulasset,

248 1865 285 1916 ut
305 1857 460 1935 statuerit,
481 1857 506 1916 si
526 1854 639 1938 ubsque
659 1875 827 1918 mocessorc
847 1875 882 1918 en
910 1875 943 1918 se
961 1865 1033 1917 nato
1051 1866 1236 1934 moreretur,
1257 1877 1326 1918 sun-

250 1953 323 2016 dere
358 1952 553 2037 proceribus,
586 1951 674 2016 illum
695 1965 770 2022 ,ente
806 1953 881 2017 alios
906 1957 1116 2039 imperatorem
1147 1955 1327 2039 eligendum.¹

250 2051 475 2114 Animadvertis
505 2054 615 2135 igitur,
645 2051 885 2115 Cuntscusenum
911 2055 1038 2138 imperio
1061 2054 1187 2138 dignum
1213 2053 1329 2116 iudico-

227 2137 340 2234 'tum',
361 2149 387 2218 si
407 2171 498 2214 avum
517 2153 581 2214 cius
600 2151 764 2231 iudicavit,
794 2155 880 2215 cuius
898 2155 932 2216 io
950 2156 1017 2237 ipso
1037 2173 1208 2239 expressum
1228 2175 1261 2217 se
1279 2155 1327 2216 iu-
1356 2205 1358 2208 .

248 2251 328 2314 tunt
348 2249 542 2312 simulacrum
561 2249 712 2313 confessus
732 2260 789 2313 cst.

333 2351 483 2434 Gregoras
509 2349 588 2412 libro
608 2369 689 2412 nono
717 2349 757 2413 de
776 2349 892 2414 eodem.
942 2349 1046 2414 Ceteri
1074 2351 1133 2416 illa
1157 2352 1330 2416 mutatione

250 2447 336 2512 uelut
358 2449 455 2516 multo
479 2469 564 2513 mero
592 2449 673 2512 ebrii
686 2449 858 2513 insolenter
877 2447 1014 2533 fortuna
1039 2461 1113 2514 sunt
1128 2451 1228 2515 abusi.
1268 2451 1330 2514 Ille

253 2562 364 2613 contre
387 2549 526 2613 naturali
541 2549 713 2634 prudentia
737 2562 769 2612 et
782 2571 894 2632 magno
919 2549 1045 2631 ingenio
1068 2565 1219 2626 ornatus,
1241 2548 1333 2612 sead

250 2661 394 2712 vesanam
407 2650 672 2734 praestructionem
688 2651 831 2724 virorum
850 2670 952 2712 mores
973 2648 1189 2732 conformabat
1209 2661 1240 2710 et
1261 2669 1332 2710 mn-

250 2748 434 2834 gatflcentia
449 2769 572 2812 morum
591 2761 621 2810 et
645 2749 744 2810 animi
764 2749 963 2812 liberalitate.
1004 2747 1129 2811 Etcum
1145 2761 1218 2809 tunc
1233 2767 1284 2811 res
1300 2745 1333 2808 ei

248 2847 390 2933 feliciter
408 2850 645 2923 successissent,
655 2845 821 2932 fortunam
835 2869 899 2912 non
918 2847 1088 2926 lacessivit,
1109 2867 1208 2930 neque
1220 2849 1330 2910 immo·

252 2947 322 3010 dice
341 2947 543 3032 supercilium
563 2951 702 3010 arrexits
722 2945 781 3010 sed
797 2959 917 3011 retenta
936 2946 1035 3009 aninsi
1051 2947 1215 3026 gravitate,
1245 2945 1332 3008 intra

251 3043 422 3110 modestiae
441 3047 558 3108 limites
577 3049 724 3110 immotus
744 3049 869 3109 mansit.

334 3143 467 3205 Rursum
487 3144 542 3204 lib.
569 3165 616 3206 ro.
656 3145 732 3208 Hac
751 3136 898 3208 oratione*
912 3144 1112 3229 confirmati,
1133 3155 1238 3210 omnes
1251 3155 1332 3205 stre-

253 3263 313 3305 nue
350 3263 387 3306 ac
421 3240 566 3326 sortiter.
580 3244 683 3308 hostes
705 3245 893 3312 invaserant.
934 3245 1086 3330 Inprimis
1105 3265 1183 3307 uero
1204 3261 1333 3323 magnete

254 3339 442 3405 domesticus
458 3341 700 3415 Cantacueenus,
720 3344 776 3428 qui
788 3343 895 3404 multis
915 3344 1050 3417 ensibus,
1071 3343 1177 3405 multis
1195 3342 1266 3404 telis
1279 3342 1335 3401 lto·

253 3442 349 3503 stium
366 3442 484 3524 petitus
504 3454 596 3526 atque
628 3443 797 3526 impulsus,
822 3444 889 3526 ipse
909 3441 1038 3526 quidem
1054 3443 1209 3527 plurimos
1229 3441 1335 3501 lsostes

251 3541 443 3626 prostravits
463 3539 522 3602 sed
538 3559 637 3624 neque
659 3541 788 3626 clypeo,
809 3562 907 3624 neque
925 3539 1036 3622 gladio
1058 3542 1188 3618 amissa,
1210 3537 1332 3600 incolu-

255 3641 314 3701 mis
335 3661 352 3702 e
375 3638 498 3724 praelio
519 3641 640 3720 evasit,
673 3641 759 3704 uelut
791 3641 1001 3722 agglutinatus
1032 3651 1124 3725 atquc
1151 3637 1274 3725 infisus
1300 3655 1332 3697 e-

256 3760 329 3826 quo.

339 3839 381 3902 Et
400 3839 478 3902 libro
500 3839 670 3903 undecimo.
712 3839 801 3903 Adeo
823 3859 1005 3922 magnorum
1025 3855 1153 3922 openem
1171 3833 1336 3914 ingeniosa

258 3938 407 4023 effectrix
426 3943 532 4022 magni
543 3940 705 4004 domestici
724 3942 921 4003 taciturnitas
938 3939 1057 4005 extitit.
1095 3937 1177 3998 Nam
1197 3933 1338 3994 atonem

258 4035 385 4120 quidem
411 4039 507 4120 uerita
535 4041 662 4103 umbrae
689 4054 808 4102 tantum
827 4051 899 4099 sunt
919 4059 1067 4121 opernm,
1089 4033 1183 4097 simul
1202 4043 1293 4112 atque
1315 4049 1335 4088 e

258 4139 364 4220 lingua
381 4136 574 4222 prodierint,
596 4141 778 4203 morientes:
797 4139 864 4202 oiri
884 4149 987 4201 autem
1008 4138 1099 4222 luins
1121 4133 1214 4197 etiam
1235 4127 1337 4192 silen-
