2918 4846
432 271 714 340 maronumm
741 273 783 388 u.
805 269 857 340 ao
1099 246 1187 364 489

106 421 183 509 ύμῖν
209 423 289 492 πάσι
317 427 360 492 δι’
386 419 485 514 ὅρκων
505 428 626 513 αἵρεσιν
651 429 835 514 προθεῖναι,
873 419 1068 510 ἀμύνοντας
1099 427 1216 508 iudei.
1225 436 1256 495 C.
1266 436 1333 511 1³³4

106 526 220 607 τειχάν
239 523 407 607 πολεμίους
426 525 513 613 αύτῷ
532 548 567 591 τε
588 519 670 590 εἶναι
690 522 746 588 καί
767 525 814 614 τῷ
842 526 933 613 κοινῷ
952 526 984 589 Γ
980 527 1125 610 εννούας,
1142 523 1186 613 ἢ

105 619 166 706 ἔξω
185 625 367 707 γενομένους
385 627 441 690 καί
459 623 687 700 καταλιπόντας
705 620 806 706 ύμάς,
833 622 878 708 μή
900 623 999 705 μόνον
1018 627 1105 712 παρὰ
1125 631 1186 709 βα-

105 725 218 800 σιλέως
241 729 348 804 τυχεῖν
374 721 555 808 συγγνώμης
583 724 638 788 καί
664 721 835 807 ἀμνηστίας
862 713 908 788 ἀν
928 721 1220 810 ἕξημαρτὴκασιν,ῃ

83 815 187 890 titii
207 823 263 885 καί
281 818 366 907 παρά
392 825 437 910 τῷ
456 824 547 912 κυινη)Ι
566 825 597 887 Γ
595 819 722 898 εννούας
747 818 900 906 ἀζημίους
919 815 1012 903 εἶναι,
1032 826 1188 905 βασιλέως

104 919 161 1005 την
182 911 292 986 ἄδειαν
311 926 563 1009 παρασχομένου.
605 916 680 1008 ὅπερ
703 915 753 985 dra
772 919 906 998 πολλούς
924 923 988 988 τάν
1007 923 1084 1004 ύμῖν
1104 947 1188 1005 συμ-

104 1021 376 1106 πολιορκουμίνων
394 1019 494 1087 πείσει
521 1020 711 1105 ἀποστῆναι,
742 1011 812 1084 oil’
833 1013 930 1098 αύτύς
958 1014 1094 1104 ἀγνοεῖς.
1134 1015 1187 1087 ὅτε

103 1118 211 1181 τοίνυν
241 1118 275 1194 ἐξ
295 1115 397 1204 ἀρχῆς
416 1142 450 1185 τε
471 1112 509 1186 ου’
529 1116 635 1186 ύίκαια
655 1120 815 1196 ποιοῦντες
832 1115 885 1186 τὸν
904 1118 1037 1201 πόλεμον
1065 1117 1188 1205 κεκινὴ·
1232 1167 1235 1178 .

105 1237 178 1280 κατε
197 1213 331 1298 τουτονί,
354 1219 412 1283 νύν
431 1241 465 1284 τε
484 1221 548 1286 τάν
563 1213 753 1308 πραγμύτων
772 1217 921 1294 ἐναντίως
938 1210 959 1304 ἢ
979 1213 1071 1284 αύτοί
1088 1241 1188 1306 προσ-

68 1313 234 1384 medendae
251 1311 484 1400 χωρησάντων,
517 1313 557 1384 ού
584 1317 682 1402 μόνον
702 1319 853 1402 ἀβουλίας
880 1314 936 1382 καί
965 1317 1133 1393 ἀσυνεσίας
1153 1311 1188 1382 ἀ.

106 1416 202 1498 plere
221 1410 423 1498 κατηγορίαν,
443 1409 525 1481 ἀλλά
545 1419 601 1482 καί
619 1419 654 1484 ἀν
673 1415 819 1501 ἐσχάτοις
838 1419 1004 1502 κατέστησε
1022 1414 1186 1499 κινδύνοις,
1256 1479 1263 1488 ..

105 1511 170 1573 πού
196 1513 355 1586 λυσιτελὲς
374 1505 397 1597 ἢ
416 1517 662 1601 σωφρονούντων
689 1511 769 1592 dione
789 1514 982 1602 ἀνθρώπων,
1015 1512 1060 1600 μὴ
1086 1537 1186 1596 μετα-

103 1604 315 1693 βουλεύεσθαι
338 1609 414 1698 περί
438 1616 502 1680 ταῖν
532 1618 634 1693 κακούς
664 1616 918 1701 βεβουλευμένων
945 1611 1001 1678 καί
1027 1611 1185 1700 σωτηρίαν

104 1705 176 1774 τινά
195 1703 302 1784 αύτοῖς
322 1713 358 1776 ἐκ
375 1713 439 1778 τάν
455 1711 587 1780 ἐνόντων
611 1713 786 1803 ἐκπορίζειν
793 1765 804 1798 ,
843 1711 923 1778 ἀλλά
955 1710 1008 1778 tat
1050 1720 1276 1800 φιλονει-ΜΜ

67 1806 180 1882 ιόκίαν
198 1810 253 1872 καί
272 1807 457 1888 ἀλαζονείαν
476 1813 551 1878 νούν
571 1813 628 1878 οάκ
647 1810 785 1897 ἔχουσαν
806 1811 922 1888 αύτούς
937 1835 972 1878 τε
989 1811 1187 1878 ἀπόλλυσθαι

106 1909 209 1982 κακούς
228 1905 283 1972 καί
300 1917 366 1984 τοῖς
386 1910 510 1988 οἰκείοις
527 1911 566 1976 ού
586 1911 693 1978 πενίαν
708 1909 805 1995 μόνον
821 1910 877 1977 καί
895 1911 1102 2000 ἀποστέρησιν
1121 1916 1192 1981 τάν

107 1997 222 2090 ὄντων,
256 2004 335 2072 ἀλλά
361 2006 417 2073 καὶ
443 2004 572 2086 ἀάοξιλιν
598 2013 845 2098 προστρίβεσθαι
868 2010 922 2076 διὰ
944 2013 1037 2094 βίους
1068 2007 1129 2095 ἑγά
1151 2012 1189 2077 dd
1238 2005 1240 2010 ’

105 2106 162 2172 καί
179 2103 296 2171 τούτων
316 2101 462 2173 ἀπάντων
489 2111 589 2196 χωρίς
615 2109 764 2192 ούάαμάς
783 2111 1007 2176 λυσιτελοῦντα
1034 2106 1090 2176 τὸν
1110 2105 1190 2196 πρὸς

105 2207 239 2288 βασιλέα
263 2201 398 2288 πόλεμον
423 2205 498 2289 ύμῖν
526 2207 697 2295 circopetici.
737 2211 769 2275 εί
792 2207 852 2297 χάρ
885 2211 941 2275 καί
965 2205 1044 2294 μήτε
1072 2202 1189 2291 ὅπλοις,

63 2302 188 2388 warin
206 2305 304 2392 λιμρῖ,
322 2301 402 2390 μηθ’
421 2301 513 2398 ἑτέρη
532 2310 667 2396 μηχανῇ,
681 2332 744 2374 τινι
765 2306 1034 2397 παραστήσασθαι
1054 2305 1190 2393 δυνησό-

103 2406 191 2486 μεθα
211 2399 313 2488 ἀμοῖς,
334 2405 404 2470 οὐδ’
422 2403 505 2474 ούτω
525 2403 562 2472 τύ
583 2413 820 2496 πολιορκεῖσθαι
841 2407 1071 2493 λυσιτελήσειεν
1090 2403 1128 2472 ἀν
1148 2403 1189 2470 ύ-

102 2508 171 2584 μῖν.
194 2505 317 2588 πρῶτον
335 2501 471 2592 μὲνγὰρ
492 2506 547 2571 οάκ
566 2503 622 2572 ἐπὶ
639 2509 683 2594 τῷ
703 2509 852 2591 διηνεκῶς
871 2507 1110 2590 πολιορκειλιθαο
1128 2501 1186 2570 καί

103 2601 208 2690 ἕνάείηι
228 2603 283 2668 καί
300 2610 365 2681 τοϊς
384 2597 491 2682 ἀλλοις
517 2606 711 2682 evigilaturi
731 2607 870 2686 πολέμου
896 2611 1005 2679 κακοῖς
1024 2604 1212 2679 πιέζεσθαιΒ

86 2759 223 2816 ‘obaearia
241 2761 367 2817 omnibur
391 2761 503 2816 alteriue
525 2762 667 2834 optionem
684 2779 743 2816 erre
769 2763 886 2827 iuratia,
911 2767 959 2814 aut
982 2757 1055 2813 intra
1080 2759 1190 2814 moenia

107 2840 264 2896 manenter,
283 2833 337 2902 ipai
355 2840 383 2885 et
402 2833 588 2886 Genuenrium
606 2833 774 2904 reipublicae
791 2831 884 2896 hortea
899 2829 1012 2883 haberi:
1032 2837 1079 2881 aut
1097 2846 1190 2898 egram

107 2919 152 2955 eoa
171 2910 198 2955 et
215 2920 231 2954 α
249 2903 326 2956 vobio
343 2901 509 2965 recedenter,
527 2920 583 2955 nou
600 2903 635 2955 ab
653 2907 689 2957 im
711 2912 816 2956 cratere
831 2901 973 2955 dumtaxat
986 2900 1190 2953 commissorum

104 2973 213 3025 veniam
235 2981 263 3024 et
280 2971 449 3045 ἀμνηστίαν,
465 2971 514 3027 aed
531 2973 614 3026 etiam
633 2921 708 3046 apud
726 2987 868 3025 commune
887 2971 1075 3023 Genneuaium
1095 2971 1190 3038 impu·

105 3044 224 3095 nitatem
243 3044 300 3096 eiua
326 3045 486 3096 auctoritate
504 3043 640 3116 conrequi.
677 3042 760 3114 Quod
780 3059 862 3114 quam
880 3041 974 3094 multia
999 3042 1073 3093 inter
1092 3039 1189 3092 obice*

105 3129 150 3164 ros
169 3113 204 3165 ad
222 3113 404 3166 deiectionem
422 3114 598 3167 incitamento
616 3113 739 3166 iuturum
750 3115 810 3176 ait,
831 3129 888 3166 nou
906 3121 935 3164 te
953 3111 1030 3182 sugit
1068 3107 1188 3179 Quande

107 3185 193 3253 igitur
210 3192 239 3236 et
256 3183 290 3236 ab
310 3185 391 3237 initio
410 3192 517 3254 praeter
535 3184 574 3236 iar
593 3183 766 3237 bochellum
785 3183 951 3236 anacitartir:
970 3189 999 3234 et
1015 3195 1088 3232 nunc
1105 3178 1189 3232 rebare

104 3263 201 3306 contra
225 3271 299 3322 apem
325 3254 484 3307 cadentibus
504 3272 559 3307 non
577 3255 753 3324 insipientiae
772 3253 859 3306 colum
877 3251 1063 3322 audaciaeque
1081 3251 1189 3320 culpam

103 3325 262 3385 ειιελίυειὶι,
289 3341 381 3376 verum
404 3327 485 3378 ctiam
510 3326 539 3376 in
562 3326 749 3396 gravissimum
765 3323 912 3377 discrimen
938 3322 1105 3384 deveniatis,
1138 3321 1188 3390 qni

104 3393 217 3448 tandem
242 3393 393 3458 conducet,
418 3403 466 3447 ant
489 3396 626 3467 quomodo
651 3403 809 3448 mentetua
828 3395 1010 3447 constantium
1029 3393 1099 3455 crit,
1116 3391 1188 3442 mala

104 3464 221 3518 concilia
239 3482 294 3516 non
312 3473 465 3534 permutare
483 3465 642 3518 melioribus
668 3471 696 3518 et
719 3463 826 3536 aliquid
846 3463 911 3516 inde
931 3461 965 3514 ad
991 3463 1105 3514 salutem
1124 3459 1187 3512 ido-

102 3551 189 3587 neum
208 3535 323 3587 elicere:
342 3536 389 3588 aed
406 3553 456 3604 per
472 3535 600 3588 stolidam
620 3537 824 3589 contentionem
843 3542 872 3587 et
887 3534 1068 3605 arrogantiam
1086 3537 1188 3582 remet-

103 3608 179 3676 ipsoa
196 3606 236 3656 ire
254 3603 410 3678 perditum,
437 3613 466 3658 et
484 3607 647 3678 propinquia
665 3623 698 3658 oc
716 3604 875 3658 neceesariir
896 3621 952 3657 non
970 3604 1090 3674 inopiam
1109 3608 1138 3652 ct
1154 3615 1187 3651 a-

103 3676 263 3728 missionem
282 3675 439 3728 facultatum
455 3675 644 3728 tanlummodo
662 3691 775 3746 parere,
800 3691 893 3728 rerum
912 3675 994 3728 etiam
1012 3670 1188 3740 ignominiam

125 3755 268 3816 erpetuam
285 3747 412 3798 inurere?
450 3745 546 3800 Adhuc
563 3753 671 3816 praeter
693 3743 796 3798 lethaeo
820 3747 913 3798 omnia
938 3761 998 3797 eum
1024 3743 1186 3810 imperatore

101 3765 208 3868 delium
227 3816 335 3880 ducere,
354 3831 526 3889 nequaquam
544 3816 621 3868 vobio
639 3815 767 3885 proderae
785 3816 933 3868 ostendam.
968 3815 1026 3866 Eoi
1045 3814 1117 3864 enim
1134 3825 1186 3862 nc-

103 3905 160 3958 quc
178 3887 275 3950 armis,
294 3903 384 3958 neque
404 3889 489 3950 fame,
513 3903 603 3958 neque
619 3887 673 3938 alia
693 3885 806 3958 quadam
828 3888 872 3938 via
890 3885 924 3936 ad
942 3883 1111 3937 deditionem
1136 3895 1184 3932 voe

103 3957 269 4025 compellere
287 3958 451 4025 poterimus,
474 3965 564 4009 tumen
582 3975 617 4010 nc
635 3957 673 4010 ric
691 3954 802 4028 quidem
819 3957 898 4009 vobio
918 3953 1052 4006 conducet
1072 3948 1184 4002 ahaide-

103 4029 136 4079 ri.
174 4029 293 4080 Primum
311 4045 367 4079 uon
395 4035 425 4079 ut
444 4043 549 4095 semper
565 4026 775 4090 obsidercmini‚
794 4035 822 4079 et
839 4026 952 4094 penuria
970 4024 1056 4076 victua
1073 4021 1185 4072 cetaria·

105 4116 159 4168 que
185 4097 319 4151 bellorum
339 4097 518 4150 incommodis
545 4097 750 4168 premeremini,
774 4097 856 4150 Lesbi
874 4103 948 4148 tauto
967 4109 1027 4144 cum
1045 4089 1184 4161 impendio

104 4167 255 4237 potiundae
273 4169 373 4239 cupido
401 4167 478 4223 rubia
506 4168 635 4229 iucearit:
661 4169 709 4225 red
732 4177 763 4222 ut
781 4167 914 4240 impetum
932 4164 1017 4222 multo
1035 4161 1183 4217 maiorlhua
