2794 4860
347 383 630 450 arsnoaraauu
660 389 686 454 ι,
715 385 768 455 ια.
1016 359 1098 444 225

38 535 167 612 άνεττῦς·
183 528 270 621 iare
280 579 290 602 .
331 533 385 602 διά
404 539 497 601 τοῦτο
515 536 571 602 κατ’
587 534 730 619 δεόμενος
747 537 804 622 τῆς
832 537 921 621 ῦμοῦν
937 537 1168 624 άχιότητοςλ.ῦ.
1179 551 1243 623 ¹³²⁷

35 634 149 721 χράηω,
177 634 240 718 εἴγε
256 635 315 700 τοῦ
330 635 409 700 θεοῦ
428 631 496 700 ἐστε
512 632 622 718 ῦμεῖς,
653 634 832 702 σπουδάσαι
847 637 925 723 ὑπὲρ
944 641 1001 723 τῆς
1016 635 1126 726 eled-B

36 757 81 818 της
100 737 150 799 κατ’
167 731 213 818 μὴ
237 735 388 820 περιϊδεῖν
408 732 492 818 ἡμᾶς
509 743 572 812 τοῖς
595 733 770 822 ὁμοφύλοις
792 737 907 816 αἵμασι
921 759 1099 822 καταχραν-

35 833 151 914 θέντας,
178 833 248 896 ἀλλ’
262 823 283 915 ἢ
298 839 402 896 πεῖσαι
425 834 558 912 βασιλέα
574 830 650 915 πρὸς
665 829 750 914 ῦμῦς
767 835 824 915 ἐμὲ
838 829 999 916 χευάμενον
1020 833 1098 920 ὑπὲρ

20 919 72 999 δάν
90 930 274 1012 ἐγκαλοῦμαι
298 924 387 1014 λόγον
410 929 577 1012 ὑποσχεῖν,
597 923 617 1014 ἢ
636 933 776 996 ἐνταῦθα
796 932 968 1014 γενομένων
994 931 1097 1014 άμῦν,

35 1025 101 1112 ῦπὲρ
121 1033 181 1093 reia
206 1025 285 1092 ἴσων
306 1025 362 1111 τήν
382 1021 552 1112 ῦπολομάαν
570 1031 718 1094 θέσθαι.”
762 1032 905 1096 Τοσαῦτα
926 1032 986 1112 μὲν
1005 1034 1098 1113 βασι-
1134 1027 1138 1035 ’

34 1122 132 1201 λεάςῦ
158 1128 228 1201 νέος
251 1125 449 1212 πατριάρχου
468 1126 523 1191 καί
544 1129 607 1193 τιῦν
635 1121 740 1192 ῦλλσνν
761 1125 905 1210 άεάμενσς
923 1127 1098 1214 άρχιερέων

34 1217 154 1306 ἔγραψεν
175 1220 255 1310 ῦπὲρ
266 1225 321 1308 τῆς
341 1223 474 1312 εἰρήνης,
492 1221 516 1289 ά
533 1228 588 1290 κατ’
605 1228 711 1312 φέρων
729 1225 747 1290 ά
766 1224 969 1312 διακομιστῆς
983 1225 1098 1310 ἐνεχεά-

35 1343 92 1404 ρισε
105 1325 146 1411 τῷ
160 1321 362 1410 πατριάρχῃ.
381 1327 437 1388 καί
454 1324 518 1388 τιῦν
532 1317 708 1411 άρχιερέων
724 1319 1001 1412 σννεάριαζάνιων,
1021 1319 1098 1390 oiva-

5 1425 216 1498 ιοννασθέντων
239 1421 274 1484 δὲ
296 1424 357 1486 τάν
380 1420 589 1508 γραμμάτων,
621 1417 663 1499 τάς
681 1421 782 1487 ἐδόκει
802 1423 822 1508 ἦ
843 1422 972 1502 α’ξίασις
992 1425 1097 1488 iraath

35 1519 82 1579 τοῦ
95 1521 157 1584 νέου
171 1521 342 1604 βασιλέως,
361 1517 475 1598 πάντες
495 1518 595 1598 εάθῦς
611 1518 689 1608 πράς
703 1525 836 1604 βασιλέα
852 1519 1126 1606 τῦνπρεσβέπε-(Ξ

34 1635 82 1698 ρον
100 1613 258 1699 ε’λθάντες,
287 1610 327 1682 τά
351 1641 385 1682 τε
408 1614 577 1704 γράμματα
605 1616 787 1684 ἐδείκνυσαν
815 1620 875 1682 τοῦ
892 1618 1019 1703 ἐγχάνοι
1043 1621 1098 1721 πάρ’

33 1713 205 1800 συνηγόρουν
220 1715 304 1803 αὐτῷ
320 1713 364 1791 τάς
379 1713 486 1780 δίκαια
504 1709 652 1795 άξιοῦντι.
672 1718 728 1780 καὶ
745 1710 823 1781 αῦτά
840 1712 899 1802 γάρ
918 1714 1041 1803 ἔφασαν
1058 1741 1093 1781 τα

30 1815 92 1898 pepi
110 1814 249 1880 πλείστου
274 1820 434 1880 ποιεῖσθαι
467 1805 603 1900 ἢαῦτάν
626 1817 767 1882 ἐνταῦθα
795 1811 929 1880 ἐλθόντα
953 1811 1033 1900 ῦπὲρ
1050 1807 1096 1881 cciv

4 1909 190 1993 ιῦέγναλεῖται
203 1917 353 2000 παρέχειν
371 1917 492 1980 ἐθέλειν
508 1907 665 1998 εῦθάνας,
698 1907 720 1999 ἢ
739 1915 798 1980 τοῦ
815 1911 1012 2002 πατριάρχου
1031 1914 1100 1980 έκεῑ

30 2011 176 2090 γενομένου
199 2008 235 2078 τά
258 2009 336 2077 orici
360 2023 477 2095 ποιεῖν,
505 2011 671 2098 τεκμήριον
700 2005 739 2078 άν
762 2011 811 2099 εἴη
831 2016 978 2098 μέγιστον
1002 1999 1096 2098 ἢτοῦ

30 2107 114 2188 μηδὲν
127 2105 356 2195 ἡμαρτηκέναι,
388 2103 411 2196 ἢ
430 2111 460 2176 εἰ
473 2109 529 2176 κατ’
542 2107 672 2196 ἥμαρτε,
692 2111 753 2176 τοῦ
767 2108 940 2196 βούλεσθαι
956 2103 994 2175 riv
1012 2112 1097 2196 διορ-

28 2205 175 2290 uouerat.
204 2205 315 2274 τοῦτον
337 2209 373 2274 δὲ
396 2205 496 2288 οῦτως
517 2209 550 2286 άξ
571 2205 675 2274 σῦτιῦν
695 2205 885 2296 πραγμάττον
912 2201 1097 2273 incomo-

27 2305 131 2388 μένου,
161 2303 282 2372 δίκαιον
305 2297 345 2372 oio
365 2303 412 2392 εἴη
429 2307 485 2373 καὶ
502 2301 570 2390 άμα
593 2309 752 2384 λυσιτελές
765 2310 819 2372 καί
838 2301 1026 2394 ἀναγκαῖον,
1060 2307 1096 2370 έν

4 2399 78 2470 raticio
91 2407 150 2470 τῦν
169 2407 367 2490 ζητουμένων
385 2408 530 2490 γενέσθαι
554 2403 709 2494 θάτερον.
742 2401 826 2495 riparia
845 2399 903 2470 σῦν
927 2403 982 2470 κατ’
1002 2401 1018 2469 ά
1036 2409 1096 2487 βα-

25 2500 120 2579 σιλεῦς
144 2501 231 2593 τό,τε
258 2499 482 2592 άναττίρῥητσν
504 2509 559 2592 τῆς
592 2501 749 2584 άξιάσεως
764 2503 819 2571 κατ’
835 2502 892 2591 τὴν
906 2507 962 2570 τοῦ
981 2527 1095 2588 πατρι-

24 2593 116 2682 άρχου
141 2605 196 2666 καὶ
221 2603 284 2668 ταῦν
313 2596 486 2688 άρχιερέων
504 2602 584 2690 πρὸς
600 2607 689 2670 τοῦτο
710 2603 867 2689 σπουδὴν,
895 2600 1007 2684 τὸμὲν
1030 2596 1117 2668 τάνΙ)

23 2698 229 2782 νέονβασιλέσι
243 2699 323 2789 πράς
340 2703 455 2768 ἐκεῖνον
482 2699 569 2789 ἥκειν
612 2697 825 2787 άπηχάρευεν,
860 2695 965 2786 ὥσπερ
983 2695 1039 2790 κατ’
1054 2695 1091 2762 τά

23 2793 74 2860 τὸν
90 2795 280 2887 πατριάρχην
296 2805 365 2866 ἐκεῖ
373 2803 520 2885 γενέσθαι
529 2851 540 2883 ,
568 2795 659 2865 οῦδὲν
676 2793 757 2864 εἶναι
771 2791 932 2886 προῦρχου
952 2795 1091 2884 φάμενος

10 2889 174 2986 ῦὲκάττρον·
201 2901 346 2968 ἐπένευσε
368 2903 402 2967 tt
417 2903 479 2967 τιῦν
494 2922 528 2966 τε
544 2891 717 2988 ἀρχιερέων
733 2895 788 2964 aar*
809 2897 872 2963 νῦν
886 2899 942 2982 τῆς
958 2890 1091 2978 σνγκλή·

87 3019 109 3088 4.
144 3017 219 3094 άπερ
236 3037 302 3075 corr.
321 3036 371 3092 pro
390 3005 458 3075 άπῦ.

21 3101 102 3168 deam,
124 3125 209 3178 angor
224 3107 467 3161 vehementiaaime.
485 3105 623 3180 Quocirca
634 3103 669 3159 ad
686 3107 855 3160 sanctitatem
869 3109 985 3157 vestram
1001 3099 1108 3154 scribo·

19 3191 149 3248 rogoque,
167 3179 190 3229 ai
208 3194 242 3229 en
261 3179 319 3232 Deo
344 3179 424 3242 eatis,
453 3187 484 3231 ut
508 3179 570 3248 paci
593 3177 818 3248 redintegrandae
843 3173 947 3226 navctia
970 3187 1089 3241 operam.

18 3243 57 3297 Nc
73 3249 225 3317 permittite
250 3265 299 3300 noa
322 3258 495 3318 cognatorum
515 3251 645 3318 anagniae
666 3247 809 3314 maculari;
837 3244 884 3298 red
902 3245 1088 3311 imperatorem
1158 3299 1167 3318 ρ

18 3330 49 3366 co
68 3327 242 3385 permovere,
262 3326 294 3370 ut
313 3327 360 3371 aut
376 3335 419 3371 me
441 3319 507 3371 illuc
530 3319 565 3370 ad
583 3335 629 3371 νον
648 3319 781 3387 proticisci
808 3323 836 3368 et
852 3333 900 3385 pro
919 3331 961 3366 nre
982 3328 1088 3364 canaam

17 3401 105 3450 orare,
123 3395 188 3452 ant,
205 3388 283 3442 vobio
301 3387 355 3440 huc
371 3389 509 3459 profectio,
528 3387 557 3440 id
569 3390 657 3458 ipauni
675 3387 721 3440 hic
740 3387 827 3439 facere
847 3384 1017 3438 concedatur.
1044 3384 1089 3436 Sic

16 3457 198 3522 patriarcham
221 3467 250 3512 et
273 3459 416 3527 pontifices
443 3475 491 3527 per
509 3459 651 3526 epistolam
674 3457 708 3510 de
725 3473 792 3526 pace
815 3455 963 3507 obtestatur
982 3461 1023 3505 eat
1042 3455 1088 3506 iu-

17 3525 75 3578 nior
91 3530 246 3596 imperator.
282 3527 378 3598 Quaa
402 3527 545 3580 tabellario
572 3527 741 3598 patriarchae
763 3529 794 3578 in
818 3542 912 3576 manua
937 3521 1042 3576 reddita
1061 3530 1091 3574 et

17 3595 43 3648 ha
68 3615 198 3652 concerto
216 3599 404 3668 episcoporum
422 3599 550 3661 recitata,
576 3605 607 3650 ut
624 3599 681 3650 vica
699 3605 741 3648 eat
758 3611 844 3666 aequa
863 3595 979 3664 petitio,
998 3609 1090 3645 omnea

18 3669 140 3740 protinus
161 3667 196 3721 ad
216 3669 349 3722 teniorem
367 3665 485 3732 adeunt,
504 3684 562 3720 earn
586 3672 736 3720 monuerant
761 3673 789 3718 et
814 3671 846 3716 ut
867 3665 939 3716 iusta
966 3662 1103 3730 cupienti

19 3743 203 3810 pffragantur.
239 3737 308 3790 Nam
325 3736 377 3791 hoc
395 3739 483 3808 iprum
503 3737 614 3796 aiebant
632 3737 811 3790 firmissimum
829 3740 1022 3804 argumentum,
1042 3738 1091 3782 aut

62 3810 81 3860 Ἰ
107 3827 172 3861 eum
195 3807 358 3880 deliquiaae,
387 3816 448 3873 aut,
480 3807 504 3862 ri
529 3807 596 3880 quid
615 3806 780 3878 deliquerit,
804 3801 833 3856 id
850 3805 920 3856 velle
948 3802 1090 3870 corrigere,

49 3879 85 3932 od
106 3881 138 3931 in
159 3878 293 3932 beneficio
311 3885 480 3944 numeraret,
498 3877 522 3930 ai
546 3885 595 3930 aut
616 3875 663 3930 hic
686 3884 734 3928 aut
752 3875 812 3936 ibi,
835 3872 997 3943 patriarcha·
1009 3885 1090 3939 prae-

60 3959 107 4012 te,
133 3957 227 4020 poaeet
250 3951 383 4002 intentata
404 3947 458 4000 ribi
482 3947 589 4000 acelera‘
606 3947 754 4016 depellere.
789 3943 927 4014 Quoniam
947 3943 1029 4010 igitur
1046 3957 1090 3993 rea

87 4021 237 4084 clamaret,
255 4021 356 4072 iuotnm
373 4020 475 4088 pariter
492 4025 520 4072 et
538 4017 605 4070 utile
622 4035 653 4070 ac
669 4017 847 4068 neceesarium
864 4013 918 4066 aihi
935 4010 1037 4072 videri,
1055 4027 1089 4064 ex

46 4089 132 4152 obus,
156 4105 227 4161 quae
253 4085 485 4152 deriderarentur‚
510 4088 624 4142 alterum
644 4083 765 4140 concedi.
791 4087 938 4152 Imperator
959 4079 1091 4150 portulati

24 4156 208 4214 acessionem
231 4165 260 4211 et
275 4157 443 4229 patriarchae
468 4161 708 4228 epiacoporumque
729 4156 759 4206 in
780 4171 812 4208 eo
833 4150 952 4222 urgendo
970 4149 1091 4202 etodium

24 4233 200 4302 empiricos,
213 4237 342 4297 nepotem
358 4227 470 4301 quidem
487 4225 522 4280 ad
539 4245 568 4280 ae
585 4227 677 4280 uenire
697 4231 744 4277 aut
760 4221 939 4294 patriarcham
958 4217 993 4271 ad
1010 4218 1090 4302 ilium

25 4300 85 4366 bire
101 4295 209 4352 vetuit:
224 4299 435 4356 acutmmenim
446 4314 504 4353 erre
517 4295 752 4369 operaepretium,
767 4293 815 4347 red
825 4300 857 4345 ut
870 4307 904 4343 ex
920 4291 1101 4360 epocopopt.

79 4389 309 4448 Cemmenus:
865 4375 896 4431 ¹5
