<?xml version="1.0" encoding="UTF-8"?>
<!DOCTYPE html PUBLIC "-//W3C//DTD XHTML 1.0 Transitional//EN"
    "http://www.w3.org/TR/xhtml1/DTD/xhtml1-transitional.dtd">
<html xmlns="http://www.w3.org/1999/xhtml" xml:lang="en" lang="en">
 <head>
  <title>
</title>
<meta http-equiv="Content-Type" content="text/html;charset=utf-8" />
  <meta name='ocr-system' content='tesseract 3.04.00' />
  <meta name='ocr-capabilities' content='ocr_page ocr_carea ocr_par ocr_line ocrx_word'/>
</head>
<body>
  <div class='ocr_page' id='page_1' title='image "./ioanniscantacuz00niebgoog_0528.png"; bbox 0 0 2918 4846; ppageno 0'>
   <div class='ocr_carea' id='block_1_1' title="bbox 462 329 1201 444">
    <p class='ocr_par' dir='ltr' id='par_1_1' title="bbox 462 329 1201 444">
     <span class='ocr_line' id='line_1_1' title="bbox 462 329 1201 444; baseline 0.022 -24"><span class='ocrx_word' id='word_1_1' title='bbox 462 343 745 422; x_wconf 79' lang='grc' dir='ltr'><strong><em>ιιιετοιιιλιιιιιι</em></strong></span> <span class='ocrx_word' id='word_1_2' title='bbox 774 359 814 423; x_wconf 90' lang='grc' dir='ltr'><strong><em>ιι.</em></strong></span> <span class='ocrx_word' id='word_1_3' title='bbox 835 365 886 436; x_wconf 79' lang='lat'><strong><em>29.</em></strong></span> <span class='ocrx_word' id='word_1_4' title='bbox 1114 329 1201 444; x_wconf 79' lang='grc'><strong><em>479</em></strong></span> 
     </span>
    </p>
   </div>
   <div class='ocr_carea' id='block_1_2' title="bbox 30 505 1351 2892">
    <p class='ocr_par' dir='ltr' id='par_1_2' title="bbox 30 505 1351 2892">
     <span class='ocr_line' id='line_1_2' title="bbox 120 505 1351 598; baseline 0.005 -22"><span class='ocrx_word' id='word_1_5' title='bbox 120 513 156 577; x_wconf 74' lang='grc' dir='ltr'><strong><em>δὲ</em></strong></span> <span class='ocrx_word' id='word_1_6' title='bbox 182 517 252 587; x_wconf 78' lang='grc' dir='ltr'><strong><em>ταῖς</em></strong></span> <span class='ocrx_word' id='word_1_7' title='bbox 281 515 404 587; x_wconf 71' lang='grc' dir='ltr'><strong><em>λοιπαῖς</em></strong></span> <span class='ocrx_word' id='word_1_8' title='bbox 435 512 613 598; x_wconf 73' lang='grc' dir='ltr'><strong><em>ἐφρούρουν</em></strong></span> <span class='ocrx_word' id='word_1_9' title='bbox 640 513 846 598; x_wconf 72' lang='grc' dir='ltr'><strong><em>Μιτυλήνην.</em></strong></span> <span class='ocrx_word' id='word_1_10' title='bbox 886 507 1035 595; x_wconf 77' lang='grc' dir='ltr'><strong><em>βασιλεός</em></strong></span> <span class='ocrx_word' id='word_1_11' title='bbox 1068 513 1104 579; x_wconf 77' lang='grc' dir='ltr'><strong><em>δὲ</em></strong></span> <span class='ocrx_word' id='word_1_12' title='bbox 1137 505 1351 592; x_wconf 59' lang='lat' dir='ltr'><strong><em>luctuosa</em></strong></span> 
     </span>
     <span class='ocr_line' id='line_1_3' title="bbox 30 603 1302 700; baseline 0.001 -25"><span class='ocrx_word' id='word_1_13' title='bbox 30 664 40 682; x_wconf 83' lang='grc'>,</span> <span class='ocrx_word' id='word_1_14' title='bbox 119 612 217 675; x_wconf 85' lang='grc' dir='ltr'><strong><em>παντί</em></strong></span> <span class='ocrx_word' id='word_1_15' title='bbox 235 610 280 700; x_wconf 72' lang='grc' dir='ltr'><strong><em>τῷ</em></strong></span> <span class='ocrx_word' id='word_1_16' title='bbox 299 607 397 700; x_wconf 81' lang='grc' dir='ltr'><strong><em>στόλφι</em></strong></span> <span class='ocrx_word' id='word_1_17' title='bbox 417 603 516 697; x_wconf 76' lang='grc' dir='ltr'><strong><em>ἦλθεν</em></strong></span> <span class='ocrx_word' id='word_1_18' title='bbox 535 612 580 687; x_wconf 81' lang='grc' dir='ltr'><strong><em>εἰς</em></strong></span> <span class='ocrx_word' id='word_1_19' title='bbox 594 609 749 698; x_wconf 80' lang='grc' dir='ltr'><strong><em>Ἔρεσσόν·</em></strong></span> <span class='ocrx_word' id='word_1_20' title='bbox 790 611 957 686; x_wconf 76' lang='grc' dir='ltr'><strong><em>ἐπαινέσας</em></strong></span> <span class='ocrx_word' id='word_1_21' title='bbox 977 612 1013 676; x_wconf 77' lang='lat' dir='ltr'><strong><em>tt</em></strong></span> <span class='ocrx_word' id='word_1_22' title='bbox 1029 603 1302 698; x_wconf 65' lang='lat' dir='ltr'><strong>‘Epeuot&#39;ouffim</strong></span> 
     </span>
     <span class='ocr_line' id='line_1_4' title="bbox 116 702 1205 798; baseline -0.003 -22"><span class='ocrx_word' id='word_1_23' title='bbox 116 713 175 795; x_wconf 82' lang='grc' dir='ltr'><strong><em>τῆς</em></strong></span> <span class='ocrx_word' id='word_1_24' title='bbox 194 711 240 787; x_wconf 79' lang='grc' dir='ltr'><strong><em>εἰς</em></strong></span> <span class='ocrx_word' id='word_1_25' title='bbox 260 707 360 775; x_wconf 81' lang='grc' dir='ltr'><strong><em>αότόν</em></strong></span> <span class='ocrx_word' id='word_1_26' title='bbox 380 705 502 782; x_wconf 75' lang='grc' dir='ltr'><strong><em>εόνοίας</em></strong></span> <span class='ocrx_word' id='word_1_27' title='bbox 522 715 620 792; x_wconf 74' lang='grc' dir='ltr'><strong><em>ἕνεκα,</em></strong></span> <span class='ocrx_word' id='word_1_28' title='bbox 641 714 697 776; x_wconf 86' lang='grc' dir='ltr'><strong><em>καί</em></strong></span> <span class='ocrx_word' id='word_1_29' title='bbox 711 713 857 798; x_wconf 80' lang='grc' dir='ltr'><strong><em>προνοίας</em></strong></span> <span class='ocrx_word' id='word_1_30' title='bbox 875 705 949 797; x_wconf 81' lang='grc' dir='ltr'><strong><em>όσης</em></strong></span> <span class='ocrx_word' id='word_1_31' title='bbox 966 712 1090 777; x_wconf 77' lang='grc' dir='ltr'><strong><em>ἐδέοντο</em></strong></span> <span class='ocrx_word' id='word_1_32' title='bbox 1111 702 1205 788; x_wconf 80' lang='grc' dir='ltr'><strong><em>ἀξιυό.</em></strong></span> 
     </span>
     <span class='ocr_line' id='line_1_5' title="bbox 117 803 1207 896; baseline -0.001 -21"><span class='ocrx_word' id='word_1_33' title='bbox 117 833 188 893; x_wconf 78' lang='grc' dir='ltr'><strong><em>σας,</em></strong></span> <span class='ocrx_word' id='word_1_34' title='bbox 209 803 292 896; x_wconf 82' lang='grc' dir='ltr'><strong><em>ἀρας</em></strong></span> <span class='ocrx_word' id='word_1_35' title='bbox 311 812 433 877; x_wconf 77' lang='grc' dir='ltr'><strong><em>ἐκεῖθεν</em></strong></span> <span class='ocrx_word' id='word_1_36' title='bbox 453 808 540 876; x_wconf 80' lang='grc' dir='ltr'><strong><em>ἔπλει</em></strong></span> <span class='ocrx_word' id='word_1_37' title='bbox 559 810 614 876; x_wconf 77' lang='grc' dir='ltr'><strong><em>ἐπί</em></strong></span> <span class='ocrx_word' id='word_1_38' title='bbox 632 812 724 877; x_wconf 88' lang='grc' dir='ltr'><strong><em>Χιόν.</em></strong></span> <span class='ocrx_word' id='word_1_39' title='bbox 750 809 813 876; x_wconf 90' lang='grc' dir='ltr'><strong><em>ἀπό</em></strong></span> <span class='ocrx_word' id='word_1_40' title='bbox 830 812 966 888; x_wconf 22' lang='grc' dir='ltr'><strong><em>«σκοπιᾶς</em></strong></span> <span class='ocrx_word' id='word_1_41' title='bbox 986 812 1022 875; x_wconf 84' lang='grc' dir='ltr'><strong><em>όέ</em></strong></span> <span class='ocrx_word' id='word_1_42' title='bbox 1040 831 1088 885; x_wconf 91' lang='grc' dir='ltr'><strong><em>τις</em></strong></span> <span class='ocrx_word' id='word_1_43' title='bbox 1106 833 1207 894; x_wconf 79' lang='grc' dir='ltr'><strong><em>μενα-</em></strong></span> 
     </span>
     <span class='ocr_line' id='line_1_6' title="bbox 94 906 1205 998; baseline -0.003 -21"><span class='ocrx_word' id='word_1_44' title='bbox 94 913 202 997; x_wconf 80' lang='grc' dir='ltr'><strong><em>5βοοόν</em></strong></span> <span class='ocrx_word' id='word_1_45' title='bbox 229 911 419 978; x_wconf 71' lang='grc' dir='ltr'><strong><em>ἐπυνθάνετο</em></strong></span> <span class='ocrx_word' id='word_1_46' title='bbox 452 909 527 998; x_wconf 79' lang='grc' dir='ltr'><strong><em>περὶ</em></strong></span> <span class='ocrx_word' id='word_1_47' title='bbox 540 909 652 978; x_wconf 88' lang='grc' dir='ltr'><strong><em>στόλου</em></strong></span> <span class='ocrx_word' id='word_1_48' title='bbox 674 906 756 977; x_wconf 84' lang='grc' dir='ltr'><strong><em>όταν</em></strong></span> <span class='ocrx_word' id='word_1_49' title='bbox 776 907 836 997; x_wconf 84' lang='grc' dir='ltr'><strong><em>εἴη.</em></strong></span> <span class='ocrx_word' id='word_1_50' title='bbox 877 907 1134 997; x_wconf 74' lang='grc' dir='ltr'><strong><em>ἀποκριναμένων</em></strong></span> <span class='ocrx_word' id='word_1_51' title='bbox 1157 911 1205 992; x_wconf 78' lang='lat' dir='ltr'><strong><em>tt,</em></strong></span> 
     </span>
     <span class='ocr_line' id='line_1_7' title="bbox 115 1005 1205 1099; baseline -0.004 -23"><span class='ocrx_word' id='word_1_52' title='bbox 115 1011 162 1088; x_wconf 77' lang='grc' dir='ltr'><strong><em>οός</em></strong></span> <span class='ocrx_word' id='word_1_53' title='bbox 180 1009 228 1098; x_wconf 80' lang='grc' dir='ltr'><strong><em>εἴη</em></strong></span> <span class='ocrx_word' id='word_1_54' title='bbox 248 1012 413 1095; x_wconf 82' lang='grc' dir='ltr'><strong><em>βασιλέως,</em></strong></span> <span class='ocrx_word' id='word_1_55' title='bbox 435 1009 532 1089; x_wconf 83' lang='grc' dir='ltr'><strong><em>αότός</em></strong></span> <span class='ocrx_word' id='word_1_56' title='bbox 550 1035 585 1078; x_wconf 86' lang='grc' dir='ltr'><strong><em>τε</em></strong></span> <span class='ocrx_word' id='word_1_57' title='bbox 605 1011 760 1099; x_wconf 88' lang='grc' dir='ltr'><strong><em>πάρεστιν</em></strong></span> <span class='ocrx_word' id='word_1_58' title='bbox 781 1010 798 1075; x_wconf 86' lang='grc' dir='ltr'><strong><em>ό</em></strong></span> <span class='ocrx_word' id='word_1_59' title='bbox 818 1005 978 1094; x_wconf 76' lang='grc' dir='ltr'><strong><em>βασιλεύς.</em></strong></span> <span class='ocrx_word' id='word_1_60' title='bbox 1032 1005 1093 1092; x_wconf 72' lang='lat' dir='ltr'><strong><em>„ui</em></strong></span> <span class='ocrx_word' id='word_1_61' title='bbox 1113 1009 1149 1074; x_wconf 79' lang='grc' dir='ltr'><strong><em>δὲ</em></strong></span> <span class='ocrx_word' id='word_1_62' title='bbox 1169 1008 1205 1072; x_wconf 79' lang='grc' dir='ltr'><strong><em>ἀν</em></strong></span> 
     </span>
     <span class='ocr_line' id='line_1_8' title="bbox 115 1105 1207 1203; baseline -0.009 -23"><span class='ocrx_word' id='word_1_63' title='bbox 115 1113 160 1203; x_wconf 75' lang='grc' dir='ltr'><strong><em>τῷ</em></strong></span> <span class='ocrx_word' id='word_1_64' title='bbox 177 1110 281 1203; x_wconf 88' lang='grc' dir='ltr'><strong><em>κόλπφ</em></strong></span> <span class='ocrx_word' id='word_1_65' title='bbox 302 1113 358 1196; x_wconf 86' lang='grc' dir='ltr'><strong><em>τής</em></strong></span> <span class='ocrx_word' id='word_1_66' title='bbox 373 1114 557 1200; x_wconf 69' lang='grc' dir='ltr'><strong><em>Καλλανῆᾷ</em></strong></span> <span class='ocrx_word' id='word_1_67' title='bbox 572 1111 633 1200; x_wconf 82' lang='grc' dir='ltr'><strong><em>ἔφη</em></strong></span> <span class='ocrx_word' id='word_1_68' title='bbox 648 1111 808 1199; x_wconf 86' lang='grc' dir='ltr'><strong><em>,,τριήρεις</em></strong></span> <span class='ocrx_word' id='word_1_69' title='bbox 822 1112 944 1190; x_wconf 79' lang='grc' dir='ltr'><strong><em>τίνος;”</em></strong></span> <span class='ocrx_word' id='word_1_70' title='bbox 967 1109 1003 1174; x_wconf 77' lang='grc' dir='ltr'><strong><em>ἐκ</em></strong></span> <span class='ocrx_word' id='word_1_71' title='bbox 1040 1105 1207 1191; x_wconf 77' lang='grc' dir='ltr'><strong><em>τοῦλόγου</em></strong></span> 
     </span>
     <span class='ocr_line' id='line_1_9' title="bbox 116 1200 1206 1296; baseline -0.006 -18"><span class='ocrx_word' id='word_1_72' title='bbox 116 1215 154 1280; x_wconf 78' lang='grc' dir='ltr'><strong><em>δὲ</em></strong></span> <span class='ocrx_word' id='word_1_73' title='bbox 184 1215 289 1288; x_wconf 86' lang='grc' dir='ltr'><strong><em>συνείς</em></strong></span> <span class='ocrx_word' id='word_1_74' title='bbox 319 1210 337 1276; x_wconf 91' lang='grc' dir='ltr'><strong><em>ό</em></strong></span> <span class='ocrx_word' id='word_1_75' title='bbox 365 1211 518 1296; x_wconf 73' lang='grc' dir='ltr'><strong><em>βασιλεῦς</em></strong></span> <span class='ocrx_word' id='word_1_76' title='bbox 548 1213 584 1278; x_wconf 77' lang='grc' dir='ltr'><strong><em>όκ</em></strong></span> <span class='ocrx_word' id='word_1_77' title='bbox 614 1213 675 1278; x_wconf 73' lang='grc' dir='ltr'><strong><em>τῶν</em></strong></span> <span class='ocrx_word' id='word_1_78' title='bbox 705 1212 749 1287; x_wconf 81' lang='grc' dir='ltr'><strong><em>εἰς</em></strong></span> <span class='ocrx_word' id='word_1_79' title='bbox 777 1208 967 1296; x_wconf 71' lang='grc' dir='ltr'><strong><em>Μιτυλήνην</em></strong></span> <span class='ocrx_word' id='word_1_80' title='bbox 994 1207 1097 1275; x_wconf 86' lang='grc' dir='ltr'><strong><em>οόσιόν</em></strong></span> <span class='ocrx_word' id='word_1_81' title='bbox 1125 1200 1206 1272; x_wconf 79' lang='grc' dir='ltr'><strong><em>εἶναι</em></strong></span> 
     </span>
     <span class='ocr_line' id='line_1_10' title="bbox 116 1301 1207 1400; baseline -0.002 -27"><span class='ocrx_word' id='word_1_82' title='bbox 116 1307 322 1398; x_wconf 86' lang='grc' dir='ltr'><strong><em>φρουροόσας</em></strong></span> <span class='ocrx_word' id='word_1_83' title='bbox 349 1308 530 1398; x_wconf 81' lang='grc' dir='ltr'><strong><em>Καλλονήν,</em></strong></span> <span class='ocrx_word' id='word_1_84' title='bbox 573 1310 776 1400; x_wconf 71' lang='grc' dir='ltr'><strong><em>ἀναστρέψας</em></strong></span> <span class='ocrx_word' id='word_1_85' title='bbox 811 1301 947 1396; x_wconf 80' lang='grc' dir='ltr'><strong><em>ἤλαυνεν</em></strong></span> <span class='ocrx_word' id='word_1_86' title='bbox 974 1310 1024 1373; x_wconf 79' lang='grc' dir='ltr'><strong><em>ἀπ’</em></strong></span> <span class='ocrx_word' id='word_1_87' title='bbox 1050 1311 1207 1382; x_wconf 76' lang='grc' dir='ltr'><strong><em>ἐκείνους.</em></strong></span> 
     </span>
     <span class='ocr_line' id='line_1_11' title="bbox 77 1403 1208 1498; baseline -0.003 -24"><span class='ocrx_word' id='word_1_88' title='bbox 77 1403 177 1498; x_wconf 75' lang='grc' dir='ltr'><strong><em>Ιοήάη</em></strong></span> <span class='ocrx_word' id='word_1_89' title='bbox 196 1411 231 1476; x_wconf 77' lang='grc' dir='ltr'><strong><em>δὲ</em></strong></span> <span class='ocrx_word' id='word_1_90' title='bbox 248 1407 417 1493; x_wconf 78' lang='grc' dir='ltr'><strong><em>ἐπελάβετο</em></strong></span> <span class='ocrx_word' id='word_1_91' title='bbox 432 1408 453 1496; x_wconf 87' lang='grc' dir='ltr'><strong><em>ή</em></strong></span> <span class='ocrx_word' id='word_1_92' title='bbox 467 1408 532 1490; x_wconf 87' lang='grc' dir='ltr'><strong><em>νόξ.</em></strong></span> <span class='ocrx_word' id='word_1_93' title='bbox 562 1415 701 1477; x_wconf 81' lang='grc' dir='ltr'><strong><em>Λατῖνοι</em></strong></span> <span class='ocrx_word' id='word_1_94' title='bbox 722 1411 758 1474; x_wconf 77' lang='grc' dir='ltr'><strong><em>δὲ</em></strong></span> <span class='ocrx_word' id='word_1_95' title='bbox 776 1404 821 1484; x_wconf 77' lang='grc' dir='ltr'><strong><em>ὥς</em></strong></span> <span class='ocrx_word' id='word_1_96' title='bbox 838 1404 921 1474; x_wconf 81' lang='grc' dir='ltr'><strong><em>εἶδον</em></strong></span> <span class='ocrx_word' id='word_1_97' title='bbox 935 1409 1070 1492; x_wconf 75' lang='grc' dir='ltr'><strong><em>βασιλέα</em></strong></span> <span class='ocrx_word' id='word_1_98' title='bbox 1091 1429 1208 1492; x_wconf 87' lang='grc' dir='ltr'><strong><em>προσε-</em></strong></span> 
     </span>
     <span class='ocr_line' id='line_1_12' title="bbox 113 1501 1208 1596; baseline -0.005 -22"><span class='ocrx_word' id='word_1_99' title='bbox 113 1505 288 1590; x_wconf 81' lang='grc' dir='ltr'><strong><em>λαόνοντα,</em></strong></span> <span class='ocrx_word' id='word_1_100' title='bbox 323 1506 406 1592; x_wconf 79' lang='grc' dir='ltr'><strong><em>τό,το</em></strong></span> <span class='ocrx_word' id='word_1_101' title='bbox 426 1505 555 1595; x_wconf 77' lang='grc' dir='ltr'><strong><em>φεύγειν</em></strong></span> <span class='ocrx_word' id='word_1_102' title='bbox 575 1501 694 1596; x_wconf 83' lang='grc' dir='ltr'><strong><em>ἀπορον</em></strong></span> <span class='ocrx_word' id='word_1_103' title='bbox 711 1507 863 1595; x_wconf 80' lang='grc' dir='ltr'><strong><em>όροόντες,</em></strong></span> <span class='ocrx_word' id='word_1_104' title='bbox 893 1509 950 1572; x_wconf 80' lang='grc' dir='ltr'><strong><em>καί</em></strong></span> <span class='ocrx_word' id='word_1_105' title='bbox 968 1503 1004 1572; x_wconf 88' lang='grc' dir='ltr'><strong><em>τό</em></strong></span> <span class='ocrx_word' id='word_1_106' title='bbox 1026 1505 1208 1589; x_wconf 71' lang='grc' dir='ltr'><strong><em>ἀιαγοονιζε·</em></strong></span> 
     </span>
     <span class='ocr_line' id='line_1_13' title="bbox 114 1599 1233 1694; baseline -0.005 -18"><span class='ocrx_word' id='word_1_107' title='bbox 114 1612 194 1676; x_wconf 74' lang='grc' dir='ltr'><strong><em>σθαι</em></strong></span> <span class='ocrx_word' id='word_1_108' title='bbox 209 1605 374 1690; x_wconf 82' lang='grc' dir='ltr'><strong><em>ἀόόνατον,</em></strong></span> <span class='ocrx_word' id='word_1_109' title='bbox 396 1609 516 1688; x_wconf 74' lang='grc' dir='ltr'><strong><em>ἒξοῖσον</em></strong></span> <span class='ocrx_word' id='word_1_110' title='bbox 533 1609 578 1685; x_wconf 81' lang='grc' dir='ltr'><strong><em>εἷς</em></strong></span> <span class='ocrx_word' id='word_1_111' title='bbox 597 1607 656 1694; x_wconf 80' lang='grc' dir='ltr'><strong><em>τήν</em></strong></span> <span class='ocrx_word' id='word_1_112' title='bbox 671 1611 729 1694; x_wconf 76' lang='grc' dir='ltr'><strong><em>μήν</em></strong></span> <span class='ocrx_word' id='word_1_113' title='bbox 747 1605 806 1685; x_wconf 85' lang='grc' dir='ltr'><strong><em>τάς</em></strong></span> <span class='ocrx_word' id='word_1_114' title='bbox 820 1607 908 1690; x_wconf 83' lang='grc' dir='ltr'><strong><em>ναός,</em></strong></span> <span class='ocrx_word' id='word_1_115' title='bbox 935 1604 991 1671; x_wconf 80' lang='grc' dir='ltr'><strong><em>καί</em></strong></span> <span class='ocrx_word' id='word_1_116' title='bbox 1005 1599 1102 1670; x_wconf 69' lang='lat' dir='ltr'><strong>elcut</strong></span> <span class='ocrx_word' id='word_1_117' title='bbox 1114 1617 1233 1670; x_wconf 79' lang='grc' dir='ltr'><strong><em>κατε-Β</em></strong></span> 
     </span>
     <span class='ocr_line' id='line_1_14' title="bbox 113 1702 1205 1795; baseline -0.005 -22"><span class='ocrx_word' id='word_1_118' title='bbox 113 1704 277 1794; x_wconf 81' lang='grc' dir='ltr'><strong><em>κρόβησαν</em></strong></span> <span class='ocrx_word' id='word_1_119' title='bbox 291 1703 354 1772; x_wconf 75' lang='grc' dir='ltr'><strong><em>ἀπό</em></strong></span> <span class='ocrx_word' id='word_1_120' title='bbox 374 1705 432 1792; x_wconf 86' lang='grc' dir='ltr'><strong><em>τήν</em></strong></span> <span class='ocrx_word' id='word_1_121' title='bbox 459 1702 553 1793; x_wconf 82' lang='grc' dir='ltr'><strong><em>όλην,</em></strong></span> <span class='ocrx_word' id='word_1_122' title='bbox 583 1711 781 1795; x_wconf 78' lang='grc' dir='ltr'><strong><em>συνηρεφοῦς</em></strong></span> <span class='ocrx_word' id='word_1_123' title='bbox 809 1707 867 1772; x_wconf 73' lang='lat' dir='ltr'><strong>rori</strong></span> <span class='ocrx_word' id='word_1_124' title='bbox 893 1702 993 1772; x_wconf 87' lang='grc' dir='ltr'><strong><em>τόπου</em></strong></span> <span class='ocrx_word' id='word_1_125' title='bbox 1018 1703 1205 1791; x_wconf 87' lang='grc' dir='ltr'><strong><em>πεφυκότος,</em></strong></span> 
     </span>
     <span class='ocr_line' id='line_1_15' title="bbox 115 1801 1205 1894; baseline -0.007 -21"><span class='ocrx_word' id='word_1_126' title='bbox 115 1805 185 1892; x_wconf 80' lang='grc' dir='ltr'><strong><em>ἀμα</em></strong></span> <span class='ocrx_word' id='word_1_127' title='bbox 209 1809 244 1873; x_wconf 78' lang='grc' dir='ltr'><strong><em>δὲ</em></strong></span> <span class='ocrx_word' id='word_1_128' title='bbox 263 1809 488 1894; x_wconf 71' lang='grc' dir='ltr'><strong><em>συνεργοῦντος</em></strong></span> <span class='ocrx_word' id='word_1_129' title='bbox 505 1809 560 1872; x_wconf 83' lang='grc' dir='ltr'><strong><em>καί</em></strong></span> <span class='ocrx_word' id='word_1_130' title='bbox 576 1809 633 1872; x_wconf 79' lang='lat' dir='ltr'><strong>cori</strong></span> <span class='ocrx_word' id='word_1_131' title='bbox 653 1805 794 1883; x_wconf 89' lang='grc' dir='ltr'><strong><em>σκότους.</em></strong></span> <span class='ocrx_word' id='word_1_132' title='bbox 837 1801 893 1870; x_wconf 84' lang='grc' dir='ltr'><strong><em>καί</em></strong></span> <span class='ocrx_word' id='word_1_133' title='bbox 909 1802 968 1880; x_wconf 84' lang='grc' dir='ltr'><strong><em>τοὶς</em></strong></span> <span class='ocrx_word' id='word_1_134' title='bbox 987 1803 1047 1886; x_wconf 80' lang='grc' dir='ltr'><strong><em>μὲν</em></strong></span> <span class='ocrx_word' id='word_1_135' title='bbox 1066 1801 1205 1890; x_wconf 77' lang='grc' dir='ltr'><strong><em>τριήρεις</em></strong></span> 
     </span>
     <span class='ocr_line' id='line_1_16' title="bbox 73 1900 1205 1991; baseline -0.007 -17"><span class='ocrx_word' id='word_1_136' title='bbox 73 1909 262 1976; x_wconf 76' lang='grc' dir='ltr'><strong><em>ιόεΐλκυσαν</em></strong></span> <span class='ocrx_word' id='word_1_137' title='bbox 288 1905 380 1982; x_wconf 89' lang='grc' dir='ltr'><strong><em>κενάς</em></strong></span> <span class='ocrx_word' id='word_1_138' title='bbox 403 1903 434 1972; x_wconf 82' lang='grc' dir='ltr'><strong><em>οἱ</em></strong></span> <span class='ocrx_word' id='word_1_139' title='bbox 461 1909 631 1991; x_wconf 79' lang='grc' dir='ltr'><strong><em>βασιλικοί.</em></strong></span> <span class='ocrx_word' id='word_1_140' title='bbox 672 1901 850 1988; x_wconf 74' lang='grc' dir='ltr'><strong><em>ἀποβάντες</em></strong></span> <span class='ocrx_word' id='word_1_141' title='bbox 870 1927 905 1970; x_wconf 86' lang='grc' dir='ltr'><strong><em>τε</em></strong></span> <span class='ocrx_word' id='word_1_142' title='bbox 924 1903 980 1968; x_wconf 89' lang='grc' dir='ltr'><strong><em>καί</em></strong></span> <span class='ocrx_word' id='word_1_143' title='bbox 1000 1900 1205 1989; x_wconf 83' lang='grc' dir='ltr'><strong><em>όιερουνησά-</em></strong></span> 
     </span>
     <span class='ocr_line' id='line_1_17' title="bbox 111 2001 1203 2094; baseline -0.005 -24"><span class='ocrx_word' id='word_1_144' title='bbox 111 2029 205 2091; x_wconf 86' lang='grc' dir='ltr'><strong><em>μενοι</em></strong></span> <span class='ocrx_word' id='word_1_145' title='bbox 225 2003 282 2090; x_wconf 83' lang='grc' dir='ltr'><strong><em>τήν</em></strong></span> <span class='ocrx_word' id='word_1_146' title='bbox 310 2007 449 2092; x_wconf 75' lang='grc' dir='ltr'><strong><em>λόχμην,</em></strong></span> <span class='ocrx_word' id='word_1_147' title='bbox 487 2006 571 2094; x_wconf 83' lang='grc' dir='ltr'><strong><em>ότεὲρ·</em></strong></span> <span class='ocrx_word' id='word_1_148' title='bbox 589 2006 713 2091; x_wconf 86' lang='grc' dir='ltr'><strong><em>ήμίσεις</em></strong></span> <span class='ocrx_word' id='word_1_149' title='bbox 737 2001 943 2080; x_wconf 75' lang='grc' dir='ltr'><strong><em>αότοόντοός</em></strong></span> <span class='ocrx_word' id='word_1_150' title='bbox 967 2005 1028 2086; x_wconf 75' lang='grc' dir='ltr'><strong><em>μὲν</em></strong></span> <span class='ocrx_word' id='word_1_151' title='bbox 1057 2002 1203 2068; x_wconf 80' lang='grc' dir='ltr'><strong><em>ἀπόκτει.</em></strong></span> 
     </span>
     <span class='ocr_line' id='line_1_18' title="bbox 112 2097 1207 2189; baseline -0.006 -17"><span class='ocrx_word' id='word_1_152' title='bbox 112 2129 188 2189; x_wconf 89' lang='grc' dir='ltr'><strong><em>ναν,</em></strong></span> <span class='ocrx_word' id='word_1_153' title='bbox 219 2103 292 2180; x_wconf 88' lang='grc' dir='ltr'><strong><em>τοός</em></strong></span> <span class='ocrx_word' id='word_1_154' title='bbox 318 2106 353 2170; x_wconf 81' lang='grc' dir='ltr'><strong><em>δὲ</em></strong></span> <span class='ocrx_word' id='word_1_155' title='bbox 384 2103 439 2170; x_wconf 81' lang='grc' dir='ltr'><strong><em>καί</em></strong></span> <span class='ocrx_word' id='word_1_156' title='bbox 471 2097 554 2171; x_wconf 84' lang='grc' dir='ltr'><strong><em>εἷλον</em></strong></span> <span class='ocrx_word' id='word_1_157' title='bbox 581 2107 712 2186; x_wconf 76' lang='grc' dir='ltr'><strong><em>ζῶντας.</em></strong></span> <span class='ocrx_word' id='word_1_158' title='bbox 753 2097 822 2169; x_wconf 85' lang='grc' dir='ltr'><strong><em>όσοι</em></strong></span> <span class='ocrx_word' id='word_1_159' title='bbox 845 2104 882 2169; x_wconf 79' lang='grc' dir='ltr'><strong><em>δὲ</em></strong></span> <span class='ocrx_word' id='word_1_160' title='bbox 904 2099 967 2167; x_wconf 79' lang='grc' dir='ltr'><strong><em>ἀπό</em></strong></span> <span class='ocrx_word' id='word_1_161' title='bbox 989 2100 1098 2180; x_wconf 86' lang='grc' dir='ltr'><strong><em>σκότος</em></strong></span> <span class='ocrx_word' id='word_1_162' title='bbox 1126 2101 1207 2186; x_wconf 83' lang='grc' dir='ltr'><strong><em>ήόυ-</em></strong></span> 
     </span>
     <span class='ocr_line' id='line_1_19' title="bbox 111 2198 1205 2291; baseline -0.005 -21"><span class='ocrx_word' id='word_1_163' title='bbox 111 2204 256 2291; x_wconf 78' lang='grc' dir='ltr'><strong><em>νήόησαν</em></strong></span> <span class='ocrx_word' id='word_1_164' title='bbox 277 2205 463 2291; x_wconf 76' lang='grc' dir='ltr'><strong><em>διαφυγεῖν,</em></strong></span> <span class='ocrx_word' id='word_1_165' title='bbox 504 2203 549 2281; x_wconf 78' lang='grc' dir='ltr'><strong><em>είς</em></strong></span> <span class='ocrx_word' id='word_1_166' title='bbox 577 2203 767 2290; x_wconf 74' lang='grc' dir='ltr'><strong><em>Μιτυλήνην</em></strong></span> <span class='ocrx_word' id='word_1_167' title='bbox 795 2199 996 2289; x_wconf 75' lang='grc' dir='ltr'><strong><em>διεσώθησαν</em></strong></span> <span class='ocrx_word' id='word_1_168' title='bbox 1021 2200 1103 2289; x_wconf 87' lang='grc' dir='ltr'><strong><em>πρός</em></strong></span> <span class='ocrx_word' id='word_1_169' title='bbox 1131 2198 1205 2277; x_wconf 87' lang='grc' dir='ltr'><strong><em>τοός</em></strong></span> 
     </span>
     <span class='ocr_line' id='line_1_20' title="bbox 111 2297 1205 2392; baseline -0.005 -22"><span class='ocrx_word' id='word_1_170' title='bbox 111 2303 254 2380; x_wconf 76' lang='grc' dir='ltr'><strong><em>οἰκείους.</em></strong></span> <span class='ocrx_word' id='word_1_171' title='bbox 281 2300 430 2386; x_wconf 83' lang='grc' dir='ltr'><strong><em>βασιλεός</em></strong></span> <span class='ocrx_word' id='word_1_172' title='bbox 443 2306 479 2370; x_wconf 78' lang='lat' dir='ltr'><strong><em>tt</em></strong></span> <span class='ocrx_word' id='word_1_173' title='bbox 492 2305 561 2370; x_wconf 80' lang='grc' dir='ltr'><strong><em>ε’κεῖ</em></strong></span> <span class='ocrx_word' id='word_1_174' title='bbox 570 2305 736 2392; x_wconf 80' lang='grc' dir='ltr'><strong><em>πιγκίρνην</em></strong></span> <span class='ocrx_word' id='word_1_175' title='bbox 752 2301 807 2369; x_wconf 87' lang='grc' dir='ltr'><strong><em>τὸν</em></strong></span> <span class='ocrx_word' id='word_1_176' title='bbox 825 2297 1097 2390; x_wconf 75' lang='grc' dir='ltr'><strong><em>Φιλανθροοπηνόν</em></strong></span> <span class='ocrx_word' id='word_1_177' title='bbox 1108 2323 1205 2365; x_wconf 84' lang='grc' dir='ltr'><strong><em>κοτα-</em></strong></span> 
     </span>
     <span class='ocr_line' id='line_1_21' title="bbox 67 2398 1206 2496; baseline -0.005 -26"><span class='ocrx_word' id='word_1_178' title='bbox 67 2401 214 2476; x_wconf 72' lang='grc' dir='ltr'><strong><em>πολιπαόν</em></strong></span> <span class='ocrx_word' id='word_1_179' title='bbox 229 2398 297 2486; x_wconf 77' lang='grc' dir='ltr'><strong><em>ἅμα</em></strong></span> <span class='ocrx_word' id='word_1_180' title='bbox 322 2407 456 2496; x_wconf 72' lang='grc' dir='ltr'><strong><em>στρατιᾷ</em></strong></span> <span class='ocrx_word' id='word_1_181' title='bbox 480 2407 559 2494; x_wconf 81' lang='grc' dir='ltr'><strong><em>πεζή</em></strong></span> <span class='ocrx_word' id='word_1_182' title='bbox 580 2427 614 2472; x_wconf 83' lang='grc' dir='ltr'><strong><em>τε</em></strong></span> <span class='ocrx_word' id='word_1_183' title='bbox 635 2403 690 2470; x_wconf 84' lang='grc' dir='ltr'><strong><em>καί</em></strong></span> <span class='ocrx_word' id='word_1_184' title='bbox 719 2399 833 2492; x_wconf 79' lang='grc' dir='ltr'><strong><em>ἱππική</em></strong></span> <span class='ocrx_word' id='word_1_185' title='bbox 852 2400 911 2489; x_wconf 83' lang='grc' dir='ltr'><strong><em>τήν</em></strong></span> <span class='ocrx_word' id='word_1_186' title='bbox 938 2401 1128 2488; x_wconf 81' lang='grc' dir='ltr'><strong><em>Μιτυλήνην</em></strong></span> <span class='ocrx_word' id='word_1_187' title='bbox 1151 2421 1206 2466; x_wconf 85' lang='grc' dir='ltr'><strong><em>πο·</em></strong></span> 
     </span>
     <span class='ocr_line' id='line_1_22' title="bbox 112 2494 1205 2592; baseline -0.007 -20"><span class='ocrx_word' id='word_1_188' title='bbox 112 2509 268 2591; x_wconf 80' lang='grc' dir='ltr'><strong><em>λιορκεῖν,</em></strong></span> <span class='ocrx_word' id='word_1_189' title='bbox 321 2502 516 2572; x_wconf 77' lang='grc' dir='ltr'><strong><em>ἀπέπλευσεν</em></strong></span> <span class='ocrx_word' id='word_1_190' title='bbox 565 2505 611 2580; x_wconf 82' lang='grc' dir='ltr'><strong><em>εἰς</em></strong></span> <span class='ocrx_word' id='word_1_191' title='bbox 649 2502 820 2592; x_wconf 77' lang='grc' dir='ltr'><strong><em>Φοόκαιοιν,</em></strong></span> <span class='ocrx_word' id='word_1_192' title='bbox 853 2494 893 2588; x_wconf 80' lang='grc' dir='ltr'><strong><em>ἧς</em></strong></span> <span class='ocrx_word' id='word_1_193' title='bbox 929 2496 1009 2588; x_wconf 80' lang='grc' dir='ltr'><strong><em>ήρχε</em></strong></span> <span class='ocrx_word' id='word_1_194' title='bbox 1053 2503 1099 2590; x_wconf 80' lang='grc' dir='ltr'><strong><em>τῷ</em></strong></span> <span class='ocrx_word' id='word_1_195' title='bbox 1134 2500 1205 2565; x_wconf 83' lang='grc' dir='ltr'><strong><em>τότε</em></strong></span> 
     </span>
     <span class='ocr_line' id='line_1_23' title="bbox 113 2594 1206 2689; baseline -0.01 -17"><span class='ocrx_word' id='word_1_196' title='bbox 113 2601 337 2689; x_wconf 85' lang='grc' dir='ltr'><strong><em>Ντουνάρόος.</em></strong></span> <span class='ocrx_word' id='word_1_197' title='bbox 371 2601 400 2668; x_wconf 78' lang='grc' dir='ltr'><strong><em>οἱ</em></strong></span> <span class='ocrx_word' id='word_1_198' title='bbox 422 2606 483 2684; x_wconf 85' lang='grc' dir='ltr'><strong><em>μὲν</em></strong></span> <span class='ocrx_word' id='word_1_199' title='bbox 504 2594 562 2668; x_wconf 82' lang='grc' dir='ltr'><strong><em>οόν</em></strong></span> <span class='ocrx_word' id='word_1_200' title='bbox 581 2603 628 2678; x_wconf 81' lang='grc' dir='ltr'><strong><em>εἰς</em></strong></span> <span class='ocrx_word' id='word_1_201' title='bbox 645 2605 775 2686; x_wconf 77' lang='grc' dir='ltr'><strong><em>Λέσβον</em></strong></span> <span class='ocrx_word' id='word_1_202' title='bbox 806 2603 1069 2687; x_wconf 72' lang='grc' dir='ltr'><strong><em>καταλειφθέντες</em></strong></span> <span class='ocrx_word' id='word_1_203' title='bbox 1091 2599 1132 2662; x_wconf 76' lang='grc' dir='ltr'><strong><em>κά</em></strong></span> <span class='ocrx_word' id='word_1_204' title='bbox 1145 2600 1206 2680; x_wconf 81' lang='grc' dir='ltr'><strong><em>μὲν</em></strong></span> 
     </span>
     <span class='ocr_line' id='line_1_24' title="bbox 116 2694 1224 2791; baseline -0.012 -23"><span class='ocrx_word' id='word_1_205' title='bbox 116 2699 212 2768; x_wconf 84' lang='grc' dir='ltr'><strong><em>λοιπόν</em></strong></span> <span class='ocrx_word' id='word_1_206' title='bbox 247 2698 388 2791; x_wconf 88' lang='grc' dir='ltr'><strong><em>φροόρια</em></strong></span> <span class='ocrx_word' id='word_1_207' title='bbox 426 2699 530 2769; x_wconf 85' lang='grc' dir='ltr'><strong><em>πάντα</em></strong></span> <span class='ocrx_word' id='word_1_208' title='bbox 559 2699 796 2788; x_wconf 85' lang='grc' dir='ltr'><strong><em>παρεστήσαντο</em></strong></span> <span class='ocrx_word' id='word_1_209' title='bbox 836 2694 1006 2788; x_wconf 77' lang='grc' dir='ltr'><strong><em>όμολομίφ,</em></strong></span> <span class='ocrx_word' id='word_1_210' title='bbox 1054 2695 1224 2781; x_wconf 70' lang='grc' dir='ltr'><strong><em>Μιτυλή-(Ξ</em></strong></span> 
     </span>
     <span class='ocr_line' id='line_1_25' title="bbox 114 2795 1207 2892; baseline -0.01 -23"><span class='ocrx_word' id='word_1_211' title='bbox 114 2825 175 2888; x_wconf 89' lang='grc' dir='ltr'><strong><em>νην</em></strong></span> <span class='ocrx_word' id='word_1_212' title='bbox 191 2801 226 2868; x_wconf 80' lang='grc' dir='ltr'><strong><em>δὲ</em></strong></span> <span class='ocrx_word' id='word_1_213' title='bbox 245 2803 344 2869; x_wconf 88' lang='grc' dir='ltr'><strong><em>ναυσί</em></strong></span> <span class='ocrx_word' id='word_1_214' title='bbox 358 2825 391 2870; x_wconf 87' lang='grc' dir='ltr'><strong><em>τε</em></strong></span> <span class='ocrx_word' id='word_1_215' title='bbox 406 2803 462 2868; x_wconf 84' lang='grc' dir='ltr'><strong><em>καί</em></strong></span> <span class='ocrx_word' id='word_1_216' title='bbox 479 2803 562 2892; x_wconf 78' lang='grc' dir='ltr'><strong><em>πεζῷ</em></strong></span> <span class='ocrx_word' id='word_1_217' title='bbox 580 2799 829 2888; x_wconf 77' lang='grc' dir='ltr'><strong><em>περικαθήμενοι</em></strong></span> <span class='ocrx_word' id='word_1_218' title='bbox 857 2795 1074 2885; x_wconf 76' lang='grc' dir='ltr'><strong><em>ἐπολιόρκουν.</em></strong></span> <span class='ocrx_word' id='word_1_219' title='bbox 1113 2800 1207 2880; x_wconf 73' lang='grc' dir='ltr'><strong><em>βασι.</em></strong></span> 
     </span>
    </p>
   </div>
   <div class='ocr_carea' id='block_1_3' title="bbox 111 2985 1207 4335">
    <p class='ocr_par' dir='ltr' id='par_1_3' title="bbox 111 2985 1207 4335">
     <span class='ocr_line' id='line_1_26' title="bbox 111 2985 1207 3062; baseline -0.007 -18"><span class='ocrx_word' id='word_1_220' title='bbox 111 2989 149 3044; x_wconf 85' lang='lat' dir='ltr'><strong>iri</strong></span> <span class='ocrx_word' id='word_1_221' title='bbox 167 2989 342 3044; x_wconf 81' lang='lat' dir='ltr'><strong>metuebant:</strong></span> <span class='ocrx_word' id='word_1_222' title='bbox 369 2991 423 3060; x_wconf 83' lang='lat' dir='ltr'><strong>lpri</strong></span> <span class='ocrx_word' id='word_1_223' title='bbox 450 3005 509 3043; x_wconf 88' lang='lat' dir='ltr'><strong><em>cum</em></strong></span> <span class='ocrx_word' id='word_1_224' title='bbox 536 2989 650 3062; x_wconf 78' lang='lat' dir='ltr'><strong>reliquia</strong></span> <span class='ocrx_word' id='word_1_225' title='bbox 680 2987 832 3056; x_wconf 77' lang='lat' dir='ltr'><strong>Mitylenen</strong></span> <span class='ocrx_word' id='word_1_226' title='bbox 856 2985 1014 3042; x_wconf 87' lang='lat' dir='ltr'><strong>tuebantur.</strong></span> <span class='ocrx_word' id='word_1_227' title='bbox 1054 2985 1207 3055; x_wconf 76' lang='lat' dir='ltr'><strong>Imperator</strong></span> 
     </span>
     <span class='ocr_line' id='line_1_27' title="bbox 111 3054 1205 3130; baseline -0.008 -15"><span class='ocrx_word' id='word_1_228' title='bbox 111 3077 174 3116; x_wconf 89' lang='lat' dir='ltr'><strong><em>cum</em></strong></span> <span class='ocrx_word' id='word_1_229' title='bbox 192 3070 251 3114; x_wconf 80' lang='lat' dir='ltr'><strong>tota</strong></span> <span class='ocrx_word' id='word_1_230' title='bbox 271 3063 355 3114; x_wconf 84' lang='lat' dir='ltr'><strong>clarae</strong></span> <span class='ocrx_word' id='word_1_231' title='bbox 376 3063 501 3113; x_wconf 85' lang='lat' dir='ltr'><strong>Ercrrum</strong></span> <span class='ocrx_word' id='word_1_232' title='bbox 519 3069 633 3124; x_wconf 85' lang='lat' dir='ltr'><strong>tenena,</strong></span> <span class='ocrx_word' id='word_1_233' title='bbox 653 3059 753 3112; x_wconf 83' lang='lat' dir='ltr'><strong>civium</strong></span> <span class='ocrx_word' id='word_1_234' title='bbox 772 3075 833 3130; x_wconf 78' lang='lat' dir='ltr'><strong>erga</strong></span> <span class='ocrx_word' id='word_1_235' title='bbox 851 3077 879 3112; x_wconf 89' lang='lat' dir='ltr'><strong><em>ac</em></strong></span> <span class='ocrx_word' id='word_1_236' title='bbox 897 3057 1019 3110; x_wconf 82' lang='lat' dir='ltr'><strong>rtuclium</strong></span> <span class='ocrx_word' id='word_1_237' title='bbox 1030 3054 1205 3111; x_wconf 78' lang='lat' dir='ltr'><strong>commenda-</strong></span> 
     </span>
     <span class='ocr_line' id='line_1_28' title="bbox 112 3125 1205 3202; baseline -0.005 -16"><span class='ocrx_word' id='word_1_238' title='bbox 112 3135 154 3188; x_wconf 77' lang='lat' dir='ltr'><strong>vir</strong></span> <span class='ocrx_word' id='word_1_239' title='bbox 180 3141 209 3185; x_wconf 85' lang='lat' dir='ltr'><strong><em>ct</em></strong></span> <span class='ocrx_word' id='word_1_240' title='bbox 233 3148 326 3185; x_wconf 86' lang='lat' dir='ltr'><strong>eorum</strong></span> <span class='ocrx_word' id='word_1_241' title='bbox 346 3132 427 3184; x_wconf 77' lang='lat' dir='ltr'><strong>rebus</strong></span> <span class='ocrx_word' id='word_1_242' title='bbox 462 3149 492 3184; x_wconf 91' lang='lat' dir='ltr'><strong>ro</strong></span> <span class='ocrx_word' id='word_1_243' title='bbox 508 3132 670 3185; x_wconf 71' lang='lat' dir='ltr'>necessitate</span> <span class='ocrx_word' id='word_1_244' title='bbox 684 3133 840 3202; x_wconf 75' lang='lat' dir='ltr'>prospexit:</span> <span class='ocrx_word' id='word_1_245' title='bbox 859 3128 925 3183; x_wconf 87' lang='lat' dir='ltr'><strong>inde</strong></span> <span class='ocrx_word' id='word_1_246' title='bbox 940 3127 1039 3181; x_wconf 86' lang='lat' dir='ltr'><strong>Chium</strong></span> <span class='ocrx_word' id='word_1_247' title='bbox 1059 3125 1205 3196; x_wconf 79' lang='lat' dir='ltr'><strong>navigavit.</strong></span> 
     </span>
     <span class='ocr_line' id='line_1_29' title="bbox 111 3197 1205 3275; baseline -0.008 -18"><span class='ocrx_word' id='word_1_248' title='bbox 111 3205 133 3257; x_wconf 84' lang='grc' dir='ltr'><strong>Ε</strong></span> <span class='ocrx_word' id='word_1_249' title='bbox 155 3203 266 3275; x_wconf 79' lang='lat' dir='ltr'><strong>apecula</strong></span> <span class='ocrx_word' id='word_1_250' title='bbox 283 3219 365 3272; x_wconf 91' lang='lat' dir='ltr'><strong>porro</strong></span> <span class='ocrx_word' id='word_1_251' title='bbox 383 3203 431 3274; x_wconf 90' lang='lat' dir='ltr'><strong><em>qui</em></strong></span> <span class='ocrx_word' id='word_1_252' title='bbox 453 3217 494 3254; x_wconf 88' lang='lat' dir='ltr'><strong>aru</strong></span> <span class='ocrx_word' id='word_1_253' title='bbox 517 3204 602 3255; x_wconf 87' lang='lat' dir='ltr'><strong>altum</strong></span> <span class='ocrx_word' id='word_1_254' title='bbox 621 3202 774 3254; x_wconf 75' lang='lat' dir='ltr'><strong>vociferant</strong></span> <span class='ocrx_word' id='word_1_255' title='bbox 798 3202 946 3272; x_wconf 75' lang='lat' dir='ltr'><strong>quaesivit,</strong></span> <span class='ocrx_word' id='word_1_256' title='bbox 974 3201 1117 3252; x_wconf 86' lang='lat' dir='ltr'><strong>cuiurnarn</strong></span> <span class='ocrx_word' id='word_1_257' title='bbox 1134 3197 1205 3249; x_wconf 84' lang='lat' dir='ltr'><strong>cler·</strong></span> 
     </span>
     <span class='ocr_line' id='line_1_30' title="bbox 111 3267 1203 3396; baseline -0.006 -69"><span class='ocrx_word' id='word_1_258' title='bbox 111 3275 150 3327; x_wconf 83' lang='lat' dir='ltr'><strong>rit</strong></span> <span class='ocrx_word' id='word_1_259' title='bbox 165 3282 250 3326; x_wconf 83' lang='lat' dir='ltr'><strong>erret:</strong></span> <span class='ocrx_word' id='word_1_260' title='bbox 270 3290 442 3344; x_wconf 74' lang='lat' dir='ltr'><strong>responsum,</strong></span> <span class='ocrx_word' id='word_1_261' title='bbox 471 3274 642 3396; x_wconf 61' lang='lat' dir='ltr'><strong>imperatoria</strong></span> <span class='ocrx_word' id='word_1_262' title='bbox 671 3289 729 3324; x_wconf 83' lang='lat' dir='ltr'><strong>erre</strong></span> <span class='ocrx_word' id='word_1_263' title='bbox 757 3280 786 3324; x_wconf 88' lang='lat' dir='ltr'><strong>et</strong></span> <span class='ocrx_word' id='word_1_264' title='bbox 810 3287 873 3324; x_wconf 85' lang='lat' dir='ltr'><strong>eum</strong></span> <span class='ocrx_word' id='word_1_265' title='bbox 897 3279 1069 3342; x_wconf 71' lang='lat' dir='ltr'>praesentem</span> <span class='ocrx_word' id='word_1_266' title='bbox 1100 3267 1203 3321; x_wconf 80' lang='lat' dir='ltr'><strong>ederae.</strong></span> 
     </span>
     <span class='ocr_line' id='line_1_31' title="bbox 111 3338 1204 3416; baseline -0.005 -18"><span class='ocrx_word' id='word_1_267' title='bbox 111 3345 149 3398; x_wconf 73' lang='lat' dir='ltr'><strong>Ar</strong></span> <span class='ocrx_word' id='word_1_268' title='bbox 174 3347 247 3398; x_wconf 86' lang='lat' dir='ltr'><strong>euim</strong></span> <span class='ocrx_word' id='word_1_269' title='bbox 267 3359 335 3416; x_wconf 87' lang='lat' dir='ltr'><strong>quae</strong></span> <span class='ocrx_word' id='word_1_270' title='bbox 364 3345 393 3396; x_wconf 88' lang='lat' dir='ltr'><strong><em>ln</em></strong></span> <span class='ocrx_word' id='word_1_271' title='bbox 412 3345 472 3396; x_wconf 87' lang='lat' dir='ltr'><strong>alnu</strong></span> <span class='ocrx_word' id='word_1_272' title='bbox 520 3345 623 3397; x_wconf 79' lang='lat' dir='ltr'><strong>ulloneo</strong></span> <span class='ocrx_word' id='word_1_273' title='bbox 653 3351 717 3395; x_wconf 86' lang='lat' dir='ltr'><strong>aunt</strong></span> <span class='ocrx_word' id='word_1_274' title='bbox 738 3343 880 3407; x_wconf 86' lang='lat' dir='ltr'><strong>triremer,</strong></span> <span class='ocrx_word' id='word_1_275' title='bbox 899 3343 1008 3414; x_wconf 89' lang='lat' dir='ltr'><strong>lnquit,</strong></span> <span class='ocrx_word' id='word_1_276' title='bbox 1024 3341 1101 3394; x_wconf 77' lang='lat' dir='ltr'><strong>cuiue</strong></span> <span class='ocrx_word' id='word_1_277' title='bbox 1121 3338 1204 3392; x_wconf 82' lang='lat' dir='ltr'><strong>runt?</strong></span> 
     </span>
     <span class='ocr_line' id='line_1_32' title="bbox 111 3411 1205 3488; baseline -0.003 -20"><span class='ocrx_word' id='word_1_278' title='bbox 111 3415 134 3468; x_wconf 83' lang='lat' dir='ltr'>E</span> <span class='ocrx_word' id='word_1_279' title='bbox 153 3415 255 3488; x_wconf 80' lang='lat' dir='ltr'><strong>quibua</strong></span> <span class='ocrx_word' id='word_1_280' title='bbox 270 3414 362 3467; x_wconf 86' lang='lat' dir='ltr'><strong>vcrhia</strong></span> <span class='ocrx_word' id='word_1_281' title='bbox 378 3415 508 3486; x_wconf 77' lang='lat' dir='ltr'><strong>colligens</strong></span> <span class='ocrx_word' id='word_1_282' title='bbox 525 3417 671 3486; x_wconf 86' lang='lat' dir='ltr'><strong>imperator</strong></span> <span class='ocrx_word' id='word_1_283' title='bbox 686 3411 720 3465; x_wconf 87' lang='lat' dir='ltr'><strong>de</strong></span> <span class='ocrx_word' id='word_1_284' title='bbox 736 3414 770 3466; x_wconf 80' lang='lat' dir='ltr'><strong>ile</strong></span> <span class='ocrx_word' id='word_1_285' title='bbox 788 3429 857 3476; x_wconf 84' lang='lat' dir='ltr'><strong>erae,</strong></span> <span class='ocrx_word' id='word_1_286' title='bbox 876 3430 945 3483; x_wconf 89' lang='lat' dir='ltr'><strong>quae</strong></span> <span class='ocrx_word' id='word_1_287' title='bbox 963 3411 1036 3484; x_wconf 85' lang='lat' dir='ltr'><strong>apud</strong></span> <span class='ocrx_word' id='word_1_288' title='bbox 1049 3411 1205 3480; x_wconf 76' lang='lat' dir='ltr'><strong>Mitylenen</strong></span> 
     </span>
     <span class='ocr_line' id='line_1_33' title="bbox 113 3481 1203 3554; baseline -0.005 -15"><span class='ocrx_word' id='word_1_289' title='bbox 113 3493 208 3550; x_wconf 84' lang='lat' dir='ltr'><strong>erant,</strong></span> <span class='ocrx_word' id='word_1_290' title='bbox 227 3484 263 3537; x_wconf 82' lang='lat' dir='ltr'><strong>ed</strong></span> <span class='ocrx_word' id='word_1_291' title='bbox 275 3485 418 3539; x_wconf 79' lang='lat' dir='ltr'><strong>Callonem</strong></span> <span class='ocrx_word' id='word_1_292' title='bbox 440 3487 571 3542; x_wconf 85' lang='lat' dir='ltr'><strong>tuendam</strong></span> <span class='ocrx_word' id='word_1_293' title='bbox 591 3488 690 3538; x_wconf 80' lang='lat' dir='ltr'><strong>mirare</strong></span> <span class='ocrx_word' id='word_1_294' title='bbox 709 3483 856 3546; x_wconf 71' lang='lat' dir='ltr'><strong>videlicet,</strong></span> <span class='ocrx_word' id='word_1_295' title='bbox 875 3497 996 3536; x_wconf 74' lang='lat' dir='ltr'><strong>revertur</strong></span> <span class='ocrx_word' id='word_1_296' title='bbox 1022 3483 1052 3536; x_wconf 94' lang='lat' dir='ltr'><strong><em>in</em></strong></span> <span class='ocrx_word' id='word_1_297' title='bbox 1075 3484 1146 3554; x_wconf 78' lang='lat' dir='ltr'><strong>iprae</strong></span> <span class='ocrx_word' id='word_1_298' title='bbox 1159 3481 1203 3534; x_wconf 81' lang='lat' dir='ltr'><strong>fe·</strong></span> 
     </span>
     <span class='ocr_line' id='line_1_34' title="bbox 113 3553 1204 3624; baseline -0.005 -16"><span class='ocrx_word' id='word_1_299' title='bbox 113 3556 235 3609; x_wconf 83' lang='lat' dir='ltr'><strong>rebatur.</strong></span> <span class='ocrx_word' id='word_1_300' title='bbox 272 3557 328 3608; x_wconf 89' lang='lat' dir='ltr'><strong><em>lam</em></strong></span> <span class='ocrx_word' id='word_1_301' title='bbox 355 3573 412 3608; x_wconf 83' lang='lat' dir='ltr'><strong><em>nox</em></strong></span> <span class='ocrx_word' id='word_1_302' title='bbox 435 3555 517 3608; x_wconf 80' lang='lat' dir='ltr'><strong>robur</strong></span> <span class='ocrx_word' id='word_1_303' title='bbox 544 3557 725 3616; x_wconf 80' lang='lat' dir='ltr'><strong>incubuerat,</strong></span> <span class='ocrx_word' id='word_1_304' title='bbox 749 3571 810 3607; x_wconf 90' lang='lat' dir='ltr'><strong><em>cum</em></strong></span> <span class='ocrx_word' id='word_1_305' title='bbox 834 3553 927 3606; x_wconf 87' lang='lat' dir='ltr'><strong>Latini</strong></span> <span class='ocrx_word' id='word_1_306' title='bbox 951 3555 993 3606; x_wconf 83' lang='lat' dir='ltr'><strong>illi</strong></span> <span class='ocrx_word' id='word_1_307' title='bbox 1010 3555 1204 3624; x_wconf 78' lang='lat' dir='ltr'><strong>imperatorem</strong></span> 
     </span>
     <span class='ocr_line' id='line_1_35' title="bbox 113 3622 1203 3697; baseline -0.006 -18"><span class='ocrx_word' id='word_1_308' title='bbox 113 3625 200 3680; x_wconf 82' lang='lat' dir='ltr'><strong>allabi</strong></span> <span class='ocrx_word' id='word_1_309' title='bbox 224 3635 433 3697; x_wconf 74' lang='lat' dir='ltr'><strong>cognoscenter,</strong></span> <span class='ocrx_word' id='word_1_310' title='bbox 470 3627 515 3678; x_wconf 85' lang='lat' dir='ltr'><strong><em>uia</em></strong></span> <span class='ocrx_word' id='word_1_311' title='bbox 541 3627 603 3697; x_wconf 75' lang='lat' dir='ltr'><strong>luga</strong></span> <span class='ocrx_word' id='word_1_312' title='bbox 620 3641 754 3694; x_wconf 72' lang='lat' dir='ltr'><strong>nunquam</strong></span> <span class='ocrx_word' id='word_1_313' title='bbox 771 3622 901 3694; x_wconf 84' lang='lat' dir='ltr'><strong>patebat,</strong></span> <span class='ocrx_word' id='word_1_314' title='bbox 924 3631 952 3676; x_wconf 83' lang='lat' dir='ltr'><strong>et</strong></span> <span class='ocrx_word' id='word_1_315' title='bbox 973 3633 1066 3677; x_wconf 87' lang='lat' dir='ltr'><strong>contra</strong></span> <span class='ocrx_word' id='word_1_316' title='bbox 1083 3635 1203 3692; x_wconf 78' lang='lat' dir='ltr'><strong>pugnare</strong></span> 
     </span>
     <span class='ocr_line' id='line_1_36' title="bbox 112 3645 1204 3767; baseline -0.01 -15"><span class='ocrx_word' id='word_1_317' title='bbox 112 3713 173 3752; x_wconf 85' lang='lat' dir='ltr'><strong><em>non</em></strong></span> <span class='ocrx_word' id='word_1_318' title='bbox 185 3697 319 3760; x_wconf 82' lang='lat' dir='ltr'><strong>dabatur,</strong></span> <span class='ocrx_word' id='word_1_319' title='bbox 339 3711 419 3749; x_wconf 78' lang='lat' dir='ltr'><strong>naver</strong></span> <span class='ocrx_word' id='word_1_320' title='bbox 437 3645 472 3749; x_wconf 71' lang='grc' dir='ltr'><strong><em>τό</em></strong></span> <span class='ocrx_word' id='word_1_321' title='bbox 491 3705 588 3750; x_wconf 87' lang='lat' dir='ltr'><strong>terrum</strong></span> <span class='ocrx_word' id='word_1_322' title='bbox 604 3696 764 3767; x_wconf 84' lang='lat' dir='ltr'><strong>appellunt,</strong></span> <span class='ocrx_word' id='word_1_323' title='bbox 782 3702 811 3746; x_wconf 86' lang='lat' dir='ltr'><strong>et</strong></span> <span class='ocrx_word' id='word_1_324' title='bbox 825 3694 876 3763; x_wconf 84' lang='lat' dir='ltr'><strong>ipai</strong></span> <span class='ocrx_word' id='word_1_325' title='bbox 894 3711 923 3748; x_wconf 81' lang='lat' dir='ltr'><strong><em>ee</em></strong></span> <span class='ocrx_word' id='word_1_326' title='bbox 939 3696 968 3747; x_wconf 90' lang='lat' dir='ltr'><strong><em>in</em></strong></span> <span class='ocrx_word' id='word_1_327' title='bbox 986 3696 1053 3748; x_wconf 81' lang='lat' dir='ltr'><strong>rilva</strong></span> <span class='ocrx_word' id='word_1_328' title='bbox 1070 3695 1204 3762; x_wconf 80' lang='lat' dir='ltr'><strong>proxima,</strong></span> 
     </span>
     <span class='ocr_line' id='line_1_37' title="bbox 111 3761 1204 3838; baseline -0.006 -18"><span class='ocrx_word' id='word_1_329' title='bbox 111 3769 176 3820; x_wconf 91' lang='lat' dir='ltr'><strong>loco</strong></span> <span class='ocrx_word' id='word_1_330' title='bbox 191 3776 289 3821; x_wconf 77' lang='lat' dir='ltr'><strong>nutura</strong></span> <span class='ocrx_word' id='word_1_331' title='bbox 305 3767 431 3821; x_wconf 75' lang='lat' dir='ltr'><strong>umbroso</strong></span> <span class='ocrx_word' id='word_1_332' title='bbox 453 3776 482 3820; x_wconf 85' lang='lat' dir='ltr'><strong>et</strong></span> <span class='ocrx_word' id='word_1_333' title='bbox 494 3785 601 3838; x_wconf 83' lang='lat' dir='ltr'><strong>opaco,</strong></span> <span class='ocrx_word' id='word_1_334' title='bbox 620 3765 742 3819; x_wconf 70' lang='lat' dir='ltr'><strong>tenebris</strong></span> <span class='ocrx_word' id='word_1_335' title='bbox 758 3765 839 3817; x_wconf 88' lang='lat' dir='ltr'><strong>etiam</strong></span> <span class='ocrx_word' id='word_1_336' title='bbox 855 3779 901 3817; x_wconf 84' lang='lat' dir='ltr'><strong><em>eor</em></strong></span> <span class='ocrx_word' id='word_1_337' title='bbox 918 3765 1121 3828; x_wconf 81' lang='lat' dir='ltr'><strong>adlurautlbur,</strong></span> <span class='ocrx_word' id='word_1_338' title='bbox 1139 3761 1204 3814; x_wconf 81' lang='lat' dir='ltr'><strong>abr·</strong></span> 
     </span>
     <span class='ocr_line' id='line_1_38' title="bbox 113 3831 1205 3909; baseline -0.006 -19"><span class='ocrx_word' id='word_1_339' title='bbox 113 3839 247 3891; x_wconf 81' lang='lat' dir='ltr'><strong>condunt.</strong></span> <span class='ocrx_word' id='word_1_340' title='bbox 292 3839 330 3890; x_wconf 84' lang='grc' dir='ltr'><strong><em>Δο</em></strong></span> <span class='ocrx_word' id='word_1_341' title='bbox 346 3838 468 3890; x_wconf 72' lang='lat' dir='ltr'><strong>triremes</strong></span> <span class='ocrx_word' id='word_1_342' title='bbox 487 3837 599 3909; x_wconf 88' lang='lat' dir='ltr'><strong>quidem</strong></span> <span class='ocrx_word' id='word_1_343' title='bbox 615 3853 712 3889; x_wconf 83' lang='lat' dir='ltr'><strong>recuaa</strong></span> <span class='ocrx_word' id='word_1_344' title='bbox 733 3835 847 3888; x_wconf 84' lang='lat' dir='ltr'><strong>liumani</strong></span> <span class='ocrx_word' id='word_1_345' title='bbox 867 3836 1007 3890; x_wconf 76' lang='lat' dir='ltr'><strong>trahentes</strong></span> <span class='ocrx_word' id='word_1_346' title='bbox 1031 3831 1205 3888; x_wconf 79' lang='lat' dir='ltr'><strong>descendunt</strong></span> 
     </span>
     <span class='ocr_line' id='line_1_39' title="bbox 112 3902 1203 3982; baseline -0.007 -20"><span class='ocrx_word' id='word_1_347' title='bbox 112 3910 231 3982; x_wconf 83' lang='lat' dir='ltr'><strong>locaque</strong></span> <span class='ocrx_word' id='word_1_348' title='bbox 248 3909 380 3962; x_wconf 81' lang='lat' dir='ltr'><strong>lucidiora</strong></span> <span class='ocrx_word' id='word_1_349' title='bbox 402 3910 581 3980; x_wconf 82' lang='lat' dir='ltr'><strong>peracrutati,</strong></span> <span class='ocrx_word' id='word_1_350' title='bbox 607 3925 687 3974; x_wconf 76' lang='lat' dir='ltr'><strong>supra</strong></span> <span class='ocrx_word' id='word_1_351' title='bbox 709 3905 854 3959; x_wconf 86' lang='lat' dir='ltr'><strong>dimidium</strong></span> <span class='ocrx_word' id='word_1_352' title='bbox 877 3923 970 3960; x_wconf 88' lang='lat' dir='ltr'><strong>eorum</strong></span> <span class='ocrx_word' id='word_1_353' title='bbox 992 3905 1092 3976; x_wconf 85' lang='lat' dir='ltr'><strong>partim</strong></span> <span class='ocrx_word' id='word_1_354' title='bbox 1116 3902 1203 3956; x_wconf 88' lang='lat' dir='ltr'><strong>truci·-</strong></span> 
     </span>
     <span class='ocr_line' id='line_1_40' title="bbox 114 3974 1201 4050; baseline -0.007 -18"><span class='ocrx_word' id='word_1_355' title='bbox 114 3979 197 4044; x_wconf 85' lang='lat' dir='ltr'><strong>daut,</strong></span> <span class='ocrx_word' id='word_1_356' title='bbox 218 3982 318 4050; x_wconf 77' lang='lat' dir='ltr'><strong>purtim</strong></span> <span class='ocrx_word' id='word_1_357' title='bbox 337 3981 456 4048; x_wconf 82' lang='lat' dir='ltr'><strong>capiunt.</strong></span> <span class='ocrx_word' id='word_1_358' title='bbox 493 3979 550 4048; x_wconf 84' lang='lat' dir='ltr'><strong><em>Qui</em></strong></span> <span class='ocrx_word' id='word_1_359' title='bbox 568 3995 616 4049; x_wconf 87' lang='lat' dir='ltr'><strong><em>per</em></strong></span> <span class='ocrx_word' id='word_1_360' title='bbox 634 3977 889 4047; x_wconf 77' lang='lat' dir='ltr'><strong>tenebruaeffugere</strong></span> <span class='ocrx_word' id='word_1_361' title='bbox 906 3983 1069 4048; x_wconf 85' lang='lat' dir='ltr'><strong>potuerunt,</strong></span> <span class='ocrx_word' id='word_1_362' title='bbox 1088 3974 1201 4042; x_wconf 89' lang='lat' dir='ltr'><strong>Mityle-</strong></span> 
     </span>
     <span class='ocr_line' id='line_1_41' title="bbox 112 4043 1203 4120; baseline -0.005 -18"><span class='ocrx_word' id='word_1_363' title='bbox 112 4065 170 4102; x_wconf 83' lang='lat' dir='ltr'><strong>nen</strong></span> <span class='ocrx_word' id='word_1_364' title='bbox 187 4051 221 4103; x_wconf 86' lang='lat' dir='ltr'><strong><em>ad</em></strong></span> <span class='ocrx_word' id='word_1_365' title='bbox 238 4067 300 4103; x_wconf 85' lang='grc' dir='ltr'><strong><em>ειιοι</em></strong></span> <span class='ocrx_word' id='word_1_366' title='bbox 320 4051 386 4102; x_wconf 75' lang='lat' dir='ltr'><strong>ratri</strong></span> <span class='ocrx_word' id='word_1_367' title='bbox 405 4059 594 4119; x_wconf 86' lang='lat' dir='ltr'><strong>pervenerunt.</strong></span> <span class='ocrx_word' id='word_1_368' title='bbox 631 4050 795 4120; x_wconf 84' lang='lat' dir='ltr'><strong>Imperator,</strong></span> <span class='ocrx_word' id='word_1_369' title='bbox 823 4051 952 4118; x_wconf 87' lang='lat' dir='ltr'><strong>pincerna</strong></span> <span class='ocrx_word' id='word_1_370' title='bbox 970 4043 1203 4114; x_wconf 84' lang='lat' dir='ltr'><strong>Philunthropeno</strong></span> 
     </span>
     <span class='ocr_line' id='line_1_42' title="bbox 113 4114 1203 4192; baseline -0.006 -19"><span class='ocrx_word' id='word_1_371' title='bbox 113 4121 152 4174; x_wconf 76' lang='lat' dir='ltr'><strong><em>acl</em></strong></span> <span class='ocrx_word' id='word_1_372' title='bbox 173 4121 327 4189; x_wconf 81' lang='lat' dir='ltr'><strong>Mitylenen</strong></span> <span class='ocrx_word' id='word_1_373' title='bbox 354 4119 474 4192; x_wconf 77' lang='lat' dir='ltr'><strong>petleatri</strong></span> <span class='ocrx_word' id='word_1_374' title='bbox 502 4128 530 4173; x_wconf 86' lang='lat' dir='ltr'><strong>et</strong></span> <span class='ocrx_word' id='word_1_375' title='bbox 544 4122 667 4192; x_wconf 73' lang='lat' dir='ltr'><strong>equestri</strong></span> <span class='ocrx_word' id='word_1_376' title='bbox 688 4137 767 4172; x_wconf 86' lang='lat' dir='ltr'><strong>manu</strong></span> <span class='ocrx_word' id='word_1_377' title='bbox 791 4119 970 4172; x_wconf 73' lang='lat' dir='ltr'><strong>obsidendam</strong></span> <span class='ocrx_word' id='word_1_378' title='bbox 992 4118 1105 4180; x_wconf 84' lang='lat' dir='ltr'><strong>relicto,</strong></span> <span class='ocrx_word' id='word_1_379' title='bbox 1130 4114 1203 4167; x_wconf 86' lang='lat' dir='ltr'><strong>Pho-</strong></span> 
     </span>
     <span class='ocr_line' id='line_1_43' title="bbox 112 4185 1201 4256; baseline -0.004 -12"><span class='ocrx_word' id='word_1_380' title='bbox 112 4205 209 4244; x_wconf 77' lang='lat' dir='ltr'><strong>caeam</strong></span> <span class='ocrx_word' id='word_1_381' title='bbox 238 4208 344 4245; x_wconf 86' lang='lat' dir='ltr'><strong>currum</strong></span> <span class='ocrx_word' id='word_1_382' title='bbox 367 4189 501 4256; x_wconf 84' lang='lat' dir='ltr'><strong>lutendlt,</strong></span> <span class='ocrx_word' id='word_1_383' title='bbox 525 4192 571 4244; x_wconf 88' lang='lat' dir='ltr'><strong><em>cni</em></strong></span> <span class='ocrx_word' id='word_1_384' title='bbox 593 4189 815 4245; x_wconf 82' lang='lat' dir='ltr'><strong>tuncDunardur</strong></span> <span class='ocrx_word' id='word_1_385' title='bbox 840 4189 895 4242; x_wconf 83' lang='lat' dir='ltr'><strong>rire</strong></span> <span class='ocrx_word' id='word_1_386' title='bbox 912 4185 1053 4241; x_wconf 82' lang='lat' dir='ltr'><strong>Odorrdnr</strong></span> <span class='ocrx_word' id='word_1_387' title='bbox 1068 4193 1201 4256; x_wconf 77' lang='lat' dir='ltr'><strong>proceret.</strong></span> 
     </span>
     <span class='ocr_line' id='line_1_44' title="bbox 113 4253 1202 4335; baseline -0.006 -20"><span class='ocrx_word' id='word_1_388' title='bbox 113 4265 149 4316; x_wconf 90' lang='lat' dir='ltr'><strong><em>ln</em></strong></span> <span class='ocrx_word' id='word_1_389' title='bbox 165 4261 256 4318; x_wconf 74' lang='lat' dir='ltr'><strong>tecto</strong></span> <span class='ocrx_word' id='word_1_390' title='bbox 276 4263 360 4334; x_wconf 73' lang='lat' dir='ltr'><strong>igitur</strong></span> <span class='ocrx_word' id='word_1_391' title='bbox 376 4261 466 4316; x_wconf 84' lang='lat' dir='ltr'><strong>relicti</strong></span> <span class='ocrx_word' id='word_1_392' title='bbox 492 4263 593 4335; x_wconf 79' lang='lat' dir='ltr'><strong>oppida</strong></span> <span class='ocrx_word' id='word_1_393' title='bbox 612 4271 704 4318; x_wconf 79' lang='lat' dir='ltr'><strong>cetera</strong></span> <span class='ocrx_word' id='word_1_394' title='bbox 735 4261 770 4314; x_wconf 81' lang='lat' dir='ltr'><strong><em>ad</em></strong></span> <span class='ocrx_word' id='word_1_395' title='bbox 786 4277 872 4314; x_wconf 86' lang='lat' dir='ltr'><strong>unum</strong></span> <span class='ocrx_word' id='word_1_396' title='bbox 889 4261 917 4312; x_wconf 87' lang='lat' dir='ltr'><strong><em>ln</em></strong></span> <span class='ocrx_word' id='word_1_397' title='bbox 943 4257 1113 4314; x_wconf 84' lang='lat' dir='ltr'><strong>deditionem</strong></span> <span class='ocrx_word' id='word_1_398' title='bbox 1132 4253 1202 4311; x_wconf 81' lang='lat' dir='ltr'><strong>reci·</strong></span> 
     </span>
    </p>
   </div>
   <div class='ocr_carea' id='block_1_4' title="bbox 0 0 1468 4846">
    <p class='ocr_par' dir='ltr' id='par_1_4' title="bbox 0 0 1468 4846">
     <span class='ocr_line' id='line_1_45' title="bbox 0 0 1468 4846; baseline 0 0"><span class='ocrx_word' id='word_1_399' title='bbox 0 0 1468 4846; x_wconf 95' lang='lat' dir='ltr'><strong><em> </em></strong></span> 
     </span>
    </p>
   </div>
  </div>
 </body>
</html>
