2830 4870
404 307 685 380 rrrsrourlrtoru
714 321 739 382 ι.
759 331 809 393 20.
1073 329 1129 414 99

77 446 183 561 λρέλυσε
204 447 260 516 τὸν
276 452 445 539 σύλλογον,
471 461 515 536 εἰς
535 463 592 546 τὴν
615 465 783 553 ύστεραίαν
804 471 840 538 τύ
860 478 956 560 τιέρας
974 479 1030 562 τῆς
1051 483 1195 559 pou-se.
1210 491 1271 546 star

74 547 119 627 λιγς
136 547 318 632 ἐξαρτήσας.ι
335 550 454 620 τούτων
475 559 510 624 δὲ
528 561 752 649 διαλυθέντων,
773 563 840 650 ἅμα
856 579 920 649 τοῖς
933 579 1021 658 τρισί
1034 575 1126 642 πάλιν

74 641 240 724 ύβοσιλεύς
262 649 442 730 ἐβουλεύετο
463 655 537 742 περί
559 657 620 725 isio
646 669 874 750 προκειμένων,
907 667 929 734 ἃ
956 676 1128 758 συμφέρειν

73 741 184 818 ἕκαστος
202 741 302 810 οἴεται
324 749 471 828 κελεύσας
489 759 596 822 εἰπεῖν.
624 753 709 826 εἶπεν
723 755 780 829 ούν
796 769 919 852 πρῶτος
937 765 955 832 o‘
973 769 1128 854 Συργιύν·

58 841 126 921 5νρς
149 839 267 926 ,ἡμεῖς
303 841 397 912 daei
416 850 566 938 πρότερον
581 857 856 944 ἐβουλευσάμεθα,
876 867 1023 948 βασιλεύ,
1043 859 1128 944 ὄντες

72 937 107 1051 ἐν1
116 938 295 1029 Βυζαντίῳ,
324 943 379 1008 osis
402 947 468 1036 ίιλίρι
484 975 515 1014 τι
534 955 755 1038 ὲχθραιθοντες
772 960 994 1046 ἐφθεγξάμεθα
1019 967 1063 1052 τῷ
1082 967 1128 1052 σῷ

71 1059 169 1125 sonoro
181 1037 235 1102 καί
244 1045 378 1125 βασιλεῖ,
400 1045 474 1112 ouidi
488 1053 561 1134 περί
575 1053 720 1119 πλείστου
734 1053 768 1121 τὸ
782 1060 884 1134 κακῶς
904 1058 1003 1132 αύτύυ
1018 1061 1126 1126 ποιού-

69 1155 150 1250 μενοιΙ
162 1141 292 1220 παθεῖν,
313 1135 394 1208 ἀλλὰ
415 1147 471 1230 τῆς
490 1151 548 1232 σῆς
564 1149 728 1234 κηδόμενοι
749 1154 922 1242 σωτηρίας,
949 1158 1125 1241 ιίναγιιαιλυς

71 1229 233 1326 ἐφερομεθα
250 1233 328 1322 πρὸς
342 1244 446 1306 τούτο·
471 1241 571 1332 ἡγὰρ
595 1253 654 1314 τού
676 1247 746 1328 ἐνὸς
759 1249 956 1339 εύύοιιᾲιησις
976 1259 1035 1320 τού
1056 1251 1203 1336 ἑτέ-ΜΔ

41 1351 121 1442 sapae
136 1326 211 1396 εἶναι
227 1339 376 1419 φαίνεται
398 1341 607 1430 καταστροφή·
627 1343 648 1408 d
661 1345 700 1432 δὴ
718 1349 772 1415 ιιαί
786 1355 856 1419 νυνί
872 1356 1049 1435 συμβαίνει.
1068 1359 1125 1440 τῆς

70 1449 123 1512 γορ
134 1437 276 1515 στρατιᾶς
290 1433 413 1523 ἁπάσης
427 1443 476 1504 ἐτι)
491 1435 588 1508 αύτύν
598 1447 678 1512 ίέναι
692 1453 962 1535 προθυμουμένης,
983 1452 1124 1538 (ἔχονται

72 1525 102 1588 δὲ
120 1522 216 1612 ieter
240 1538 417 1618 λογισμῶν,
451 1543 507 1605 κατ’
525 1541 582 1605 ola
602 1541 686 1609 ἔστιν
704 1545 817 1612 ούιλένο
835 1551 909 1614 νούν
933 1547 1046 1631 ἔχοντα
1069 1547 1124 1622 ,ἆν-

67 1633 201 1718 ττιττεϊν,)
228 1627 309 1696 εἴτι
329 1633 386 1700 καί
401 1634 476 1722 περὶ
493 1639 606 1722 ἐκεῖνον
624 1642 764 1728 συμβαίη
783 1646 846 1710 τῶν
862 1648 1040 1730 δυσχερῶν,
1061 1641 1123 1730 ούχ

67 1719 143 1836 ἡμῶν
162 1729 223 1793 τῶν
241 1723 503 1818 ἠναγκασμένων,
537 1731 607 1802 ἀλλ’
628 1740 754 1806 ἐκείνων
781 1735 821 1806 ἐν
843 1739 891 1828 εἴη
923 1746 985 1808 τῶν
1006 1745 1050 1818 εἰς
1066 1742 1123 1828 τὴν

38 1819 187 1909 ιὸανύγτην
206 1828 450 1896 συνελασιέντων.
488 1837 652 1920 τοιγαροῦν
679 1839 750 1903 ἐπεί
766 1841 850 1928 κοινῇ
873 1843 951 1906 πᾶσι
973 1838 1013 1906 τύ
1039 1839 1121 1906 oded

65 1915 140 1999 ἔδοξε
159 1930 347 2011 λυσιτελεῖν,
366 1927 458 2014 ἡμεῖς
475 1955 509 1996 τε
528 1929 678 2016 ούιλεμίιιν
689 1946 756 2012 τοῖς
770 1941 1026 2021 βεβουλευμένοις
1039 1941 1122 2022 μέμ-

64 2016 237 2104 ψινέχομεν
262 2025 438 2114 ἐπιφέρειν,
468 2029 509 2096 τύ
527 2035 616 2120 κοινῇ
635 2036 784 2100 δοκοῦντα
812 2037 960 2123 πράττειν
975 2036 1121 2123 ἐνύγκιγ.”

67 2115 181 2196 Τούτοις
205 2131 329 2190 συνεῖπε
348 2129 404 2190 καί
418 2127 434 2193 ὅ
448 2121 707 2219 πρωτοστρύτωρ·
746 2136 803 2199 τού
824 2134 959 2218 μεγάλου
976 2161 1009 2202 τε
1030 2139 1121 2218 ἐυμε-

62 2213 155 2282 οτίνου
181 2218 227 2304 μὴ
255 2222 463 2310 συνετώτερον
502 2225 616 2294 ἑαυτὸν
635 2223 718 2296 εἶναι
757 2236 894 2314 νομίζειν
923 2236 987 2299 raia
1019 2227 1150 2310 ύλλωντς

33 2311 194 2384 ιούιιύντιον
213 2319 374 2404 εἰπόντος,
404 2318 485 2388 ὥστε
513 2335 580 2402 τοῖς
612 2331 697 2417 κοινῇ
728 2331 871 2396 δοκοῦσιν
899 2330 994 2398 ου’τὸν
1025 2331 1121 2412 μόνον

62 2414 173 2483 ἐναντία
188 2418 296 2502 λέγειν,
309 2419 492 2507 ἐνέστησαν.
505 2427 641 2506 βαθείας
657 2429 693 2493 δὲ
714 2425 826 2504 νυκτὸς
837 2427 891 2495 τὸν
906 2435 1007 2514 μέγαν
1026 2433 1121 2513 ἐσμέ-

61 2533 155 2582 στικον
176 2515 192 2580 si
211 2515 360 2600 βασιλεύς
380 2521 475 2602 μόνον
494 2523 703 2607 παραλαβών,
733 2530 787 2592 καί
806 2520 900 2604 αὖθις
920 2528 1120 2610 ἐβουλεύοντο

60 2617 124 2698 ττρί
135 2619 196 2682 ταῖν
211 2611 326 2684 orionis·
351 2616 453 2684 ἐδόκει
473 2623 577 2688 δὲκαὶ
593 2623 704 2700 αύτοϊς
719 2618 825 2711 ὄρθῶν
842 2629 901 2709 μὲν
916 2623 1047 2710 ἔχεσθαι
1063 2625 1119 2712 τήν

120 2759 158 2797 οε
174 2739 334 2812 ἐβουλεύετο
352 2745 422 2798 male
449 2749 518 2802 coni.
537 2747 589 2800 En.
608 2749 634 2800 P.

58 2864 240 2932 propemodum
261 2859 370 2934 agatur,
395 2867 548 2936 praelatus,
575 2868 606 2919 in
625 2865 697 2920 diem
713 2865 827 2922 alteram
850 2870 949 2922 reiecta
967 2871 1115 2932 sententia,

57 2937 191 2986 ooueilturu
202 2933 315 2994 dimisit.
349 2935 413 3006 Quo
429 2935 557 2997 dimisso,
582 2953 644 2988 eum
655 2935 742 2988 tribus
755 2938 809 2989 illis
825 2955 928 2989 rursum
949 2939 1057 2991 oonsilii
1073 2957 1118 2990 ca·

54 3001 140 3068 piendi
151 3003 300 3060 deliberat:
320 3013 349 3058 ot
360 3007 502 3076 praecipit,
520 3011 553 3058 ut
564 3005 637 3076 quod
657 3005 785 3075 expedire
800 3007 935 3070 videatur,
953 3025 987 3060 ue
1003 3015 1117 3060 taceant.

54 3069 145 3129 Primus
159 3075 319 3148 Syrgianues
335 3075 374 3128 sio
390 3077 507 3146 incepit:
544 3075 622 3146 Quae
640 3075 694 3126 iam
709 3085 772 3128 ante
787 3077 909 3144 Byzantii
926 3078 955 3130 in
973 3093 1117 3148 congressu

45 3141 178 3216 diximus,
195 3165 252 3202 non
268 3147 375 3218 privato
388 3147 480 3218 aliquo
493 3148 524 3200 in
535 3163 614 3198 arum
625 3151 702 3198 ouum
718 3147 799 3212 odio,
815 3163 906 3218 nequo
923 3147 1038 3220 quadiu
1055 3167 1117 3200 mn-

54 3213 117 3268 ¹imo
133 3219 207 3270 luero
224 3219 282 3270 eius
299 3217 476 3270 calamitatem
519 3232 676 3281 oneremus,
699 3218 784 3270 locuti
806 3235 908 3272 snmus:
936 3218 984 3270 sed
1002 3219 1116 3290 quiade

53 3283 131 3339 utute
148 3298 177 3342 et
195 3287 383 3341 incolumitate
403 3294 450 3339 tua
473 3235 573 3340 sediciti
591 3303 710 3352 eramus,
735 3306 767 3340 ea
783 3289 933 3342 necessario
951 3289 1114 3342 devenieba-

54 3367 119 3407 mus:
139 3361 218 3412 unius
236 3359 310 3410 enirn
326 3357 432 3409 claritas
443 3364 471 3409 et
484 3357 643 3422 illustratio,
661 3358 773 3412 alterius
789 3357 897 3412 ridetur
908 3361 1022 3412 eversio:
1042 3359 1117 3431 quod

55 3431 81 3473 et
94 3443 159 3482 nune
177 3429 316 3481 usuvenit.
351 3426 434 3498 Quod
456 3427 528 3479 enim
551 3428 684 3480 exereitus
701 3430 841 3482 universus
864 3429 921 3481 eius
941 3429 1116 3499 oppugnandi

54 3489 177 3552 desiderio
197 3499 301 3561 servet,
324 3513 439 3580 aequum
456 3495 607 3560 desiderat,
625 3514 677 3550 nec
696 3513 759 3550 eum
774 3499 918 3618 ffiitquam
934 3499 1115 3566 prudeus-re-

52 3563 206 3629 prehendet:
229 3577 258 3621 et
279 3569 303 3620 si
324 3567 391 3638 qusd
412 3567 537 3619 odiosum
566 3575 648 3638 atque
667 3583 746 3636 grave
763 3569 773 3619 i
824 3567 984 3639 eontigerit,
1009 3587 1064 3622 non
1085 3569 1114 3622 id

49 3643 139 3702 nostro,
153 3641 202 3709 qui
217 3637 351 3708 cogimur,
369 3635 418 3688 sed
434 3637 553 3702 illorum,
567 3639 614 3708 qui
634 3645 743 3706 coguut,
762 3638 840 3706 eulpa
861 3639 1011 3709 eontigerit
1048 3639 1114 3690 Pro-

48 3703 118 3769 inde,
143 3711 209 3781 quia
237 3706 415 3762 communiter
440 3707 566 3758 omuibus
591 3724 623 3760 ea
646 3708 703 3759 risa
728 3715 791 3760 suut
815 3709 979 3772 conducero,
1015 3716 1044 3760 et
1064 3726 1131 3762 uos*

46 3787 130 3830 eorum
154 3779 301 3832 consilium
321 3779 472 3845 vituperare
495 3777 571 3828 nullo
597 3776 677 3829 modo
704 3793 860 3846 possumus,
887 3795 956 3849 quae
983 3779 1113 3830 universio

45 3845 196 3912 probantur,
216 3847 323 3900 adrem
338 3845 502 3900 conserenda
518 3855 591 3902 sunt.
609 3849 640 3900 ln
658 3845 728 3900 hanc
742 3851 906 3901 scunarium
925 3847 1042 3916 pedibus
1062 3849 1113 3902 ivit

46 3915 118 3968 etiarn
141 3927 328 3990 protostrator.
365 3917 486 3987 Cumque
512 3916 662 3970 addidisset
683 3934 793 3987 magnus
814 3919 994 3980 domesticus,
1012 3935 1068 3970 non
1084 3933 1112 3972 se

46 3982 219 4059 intelligentia
237 4005 330 4042 omnes
345 3987 470 4050 vincere,
499 3994 531 4038 nt
548 3989 606 4057 ipse
623 3987 697 4038 solos
715 3991 850 4042 communi
868 3987 970 4040 iudicio
990 3985 1113 4040 adversa·

45 4063 123 4121 retur,
144 4066 329 4113 surrexerunt
366 4057 419 4110 Ubi
436 4059 596 4130 plerumque
614 4059 702 4110 noetis
719 4059 865 4126 processit,
890 4057 1035 4126 imperator
1052 4071 1113 4108 enm

45 4137 132 4193 mgna
152 4127 304 4183 domestico
326 4127 385 4180 solo
408 4125 505 4180 iisdem
528 4127 562 4180 de
586 4128 666 4179 rebus
685 4127 906 4180 deliberationem
925 4127 1015 4180 habet.
1051 4127 1113 4178 Sta·

48 4199 118 4249 want
135 4199 233 4262 ambo,
262 4213 319 4252 aon
340 4197 411 4250 male.
427 4199 544 4267 cogitare
561 4198 668 4250 milites.
706 4197 883 4265 Quodenius
903 4197 1010 4264 molitio
1034 4194 1112 4247 nori·
