2794 4860
349 319 630 388 ursaonuauu
658 327 682 390 r.
704 332 754 403 ³9.
1008 298 1085 410 ¹93
1167 293 1176 320 '

41 487 128 542 σαντες
143 464 197 532 καί
212 461 389 545 ἀνελόντες.
430 466 609 552 ὄβασιλεύς
627 473 662 536 δὲ
682 472 755 557 μήτ’
769 470 862 537 attat
879 465 976 557 εἶναι,
1011 473 1152 560 μὴτέ.ῦ.
1163 484 1229 552 stat

40 559 177 650 α’νηκοέναι
192 566 309 652 ἔφασκε
326 566 400 655 περὶ
412 571 540 634 τούτων·
567 572 755 652 ἐνδέχεσθαί
768 593 803 654 γε
818 568 890 656 μην,
909 566 1010 658 donau
1029 575 1085 638 suiv

40 657 124 738 αι’σαῖς
139 658 185 746 άν,
206 667 236 730 εἰ
246 663 290 751 μη
306 666 435 748 κώλυμα
452 660 493 752 ἦν
508 665 524 730 ὅ
541 665 698 749 ποταμὸς,
718 668 843 753 συνέβη,
862 665 980 754 ἑτέροις
999 693 1088 752 περι-

37 759 165 841 τυχόντας
179 761 254 838 τοάς
271 767 482 864 κρατηθέντας
499 765 586 853 μάχῃ
604 769 829 852 διαφθαρῆναι.
852 763 959 849 οὕτως,
970 762 1094 853 εἴρηκεν
1169 775 1170 778 ’

24 857 52 926 ib
63 858 221 946 βάρβαρος,
242 864 341 938 εἰκός·
377 858 501 929 άδικεάν
514 867 620 944 μέντοι
635 863 709 941 τοάς
733 867 928 951 στρατιώτας
954 869 1090 940 ἐκείνους

41 951 146 1032 οὐδενὸς
163 963 373 1046 φεισαμένους
392 961 578 1048 εἰργάσθαι,
599 962 679 1027 cilici
697 962 770 1038 τοδς
784 967 844 1045 μὲν
864 963 1091 1040 άποπνδξαντας

39 1054 67 1116 ἐν
79 1061 116 1143 τῷ
134 1057 259 1147 ῥείθρῳ,
279 1058 353 1136 rode
368 1062 403 1124 δὲ
420 1060 696 1137 καταποντίσαντας
709 1057 855 1148 άφειδοῖς.
876 1065 1006 1128 τοιαῦτα
1021 1064 1092 1126 δια-

39 1153 145 1234 λεχθεὶς
160 1151 316 1240 αἶπῆλθεν,
344 1153 391 1222 ὅτι
414 1159 584 1240 Ῥωμαίων
606 1157 653 1246 εἴη
673 1159 857 1244 βασιλεάςδ
880 1158 1093 1243 διαλεγόμενος

39 1245 130 1328 adroic
153 1254 323 1340 ἤγναηκάς.
350 1255 385 1321 τὸ
407 1260 442 1322 δὲ
466 1255 544 1322 naid
565 1261 618 1343 τῆς
642 1263 792 1345 στρατιᾶς
806 1257 852 1324 ἔτι
871 1261 909 1346 τῇ
921 1257 1110 1341 Ῥωμαάαν.

10 1343 130 1426 ιοὶκανάς
143 1353 396 1440 ἐνδιατράγαντες
411 1355 550 1442 ἡμέρας,
571 1359 777 1435 ἐπανέζευξαν
793 1355 847 1421 καί
864 1355 972 1421 orinal.
999 1354 1089 1442 φήμη

37 1447 128 1523 μέντοι
143 1473 189 1525 τις
207 1443 302 1538 ᾔρετο
316 1451 368 1516 διά
383 1453 509 1519 πάντων
522 1452 653 1536 ὁμαλοῖς,
672 1454 715 1528 άς
729 1453 878 1540 πρότερόν
894 1479 928 1518 τε
941 1453 1122 1536 βασιλεδςι)
1198 1527 1202 1536 Ι

39 1538 52 1604 ὁ
69 1549 265 1633 πρεσβύτερος
284 1547 372 1632 ἔχθει
388 1555 432 1640 τῷ
449 1549 528 1636 πρὸς
543 1553 596 1616 τάν
610 1551 733 1636 ἔγγονον
751 1551 877 1626 Σκύθας
894 1551 1094 1630 ἐπάξαιῬασ-

36 1643 143 1726 μαίοις,
163 1649 219 1710 καὶ
233 1651 290 1712 νῦν
308 1643 400 1713 οὐδὲν
417 1641 527 1733 ἧττον,
547 1647 653 1736 κράφα
677 1651 998 1736 διαπρεσβευσάμενος
1016 1649 1095 1734 πρὸς

37 1738 147 1822 αδτοάς,
166 1743 353 1827 βουλόμενος
368 1747 545 1830 ἀναστῆσαι
563 1745 699 1835 Θρηίκην,
719 1742 767 1812 ὅτι
784 1751 961 1832 προσέκειτο
979 1749 1021 1833 τῷ
1037 1749 1094 1834 νέην
1131 1801 1136 1824 ,

5 1841 156 1916 ιὸβασιλεῑ.
193 1837 259 1924 εἶχε
279 1847 314 1908 δὲ
333 1844 418 1928 άγιδς
434 1842 542 1928 οάδὲν,
570 1843 650 1910 ἄλλά
667 1845 767 1910 καίτοι
784 1844 846 1910 άπὸ
860 1848 980 1910 πολλῶν
998 1869 1097 1938 φημι-

35 1941 152 2020 οθεῖοα,
184 1939 221 2004 τὸ
244 1945 363 2024 prator
393 1937 527 2030 άκρατον
553 1940 653 2030 εἶχεν.
693 1936 765 2009 οὔτε
779 1943 838 2034 γάρ
860 1943 1011 2034 πρότερον
1026 1937 1097 2009 οὔθ

33 2029 156 2122 ὕστερον
170 2041 223 2122 τῆς
242 2045 397 2125 Σκυθικῆς
414 2039 513 2119 αἴτιος
533 2043 648 2130 ἐφόδου
668 2041 808 2128 ἐγεγόνει,

105 2133 146 2215 μ’.
185 2133 226 2204 ‘O
244 2138 393 2220 βασιλεὺς
423 2143 457 2206 δὲ
485 2139 502 2208 ά
530 2144 597 2216 νέος
625 2141 703 2206 κατὰ
731 2141 767 2207 τά
788 2142 1016 2225 Διδυμάτειχον
1043 2138 1124 2207 uate.
1134 2149 1186 2204 120

32 2226 82 2313 τὴν
97 2233 265 2319 Ἀδριανοῦ
285 2237 421 2323 διέτριβε
441 2241 549 2305 πάλιν·
570 2241 644 2327 περὶ
663 2243 697 2306 δὲ
711 2241 767 2326 τὴν
780 2244 837 2306 τοῦ
856 2241 942 2306 σι’του
960 2240 1098 2323 μάλιστα

1 2331 253 2420 νοσνγνιομιδηνῆ
277 2337 377 2401 adreci
403 2337 520 2424 γαμετὴ
548 2337 628 2426 νόσῳ
657 2343 843 2424 κατεσχέθη.
880 2341 1099 2420 διανοούμενος

33 2427 66 2490 δὲ
86 2429 137 2494 κατ’
150 2431 246 2508 αὐτὸς
260 2435 306 2509 εἰς
320 2434 495 2515 Βυζάντιον
511 2437 667 2518 ἀπελθεῖν,
689 2439 888 2523 προέπεμψεν
903 2436 1011 2522 odaria,
1032 2433 1099 2518 ἅμα

30 2525 85 2590 κατ’
101 2528 152 2593 διά
171 2527 229 2615 τὴν
249 2530 356 2598 νόσον·
381 2539 529 2619 γενομένη
551 2536 586 2598 δδ
606 2537 640 2600 ἐν
663 2531 849 2622 Ῥαιδεστῷ,
876 2536 946 2601 ἐπεὶ
962 2534 1007 2621 μὴ
1027 2533 1099 2599 ἐδά-

30 2647 102 2735 ρατο
122 2627 277 2712 ἀντέχειν,
307 2630 466 2716 ἐτεθνήκει
486 2629 683 2721 ἑκκαιδεκάτῃ
710 2631 787 2698 κατά
807 2626 994 2716 Αὔγουστον
1012 2635 1123 2717 μῆναΒ

29 2722 163 2809 εβδάμης
183 2728 379 2811 ἰνδικτιάνος,
400 2723 513 2794 οὐδένα
534 2728 651 2812 ἔχουσα
672 2731 708 2794 ἐκ
726 2731 880 2812 βασιλέως
900 2731 1009 2794 παῖδα.
1047 2724 1099 2794 τὸν

1 2821 93 2899 asper
111 2815 177 2889 ¹adr
196 2821 305 2912 serpula
323 2827 420 2912 αδτῆς
439 2828 621 2909 κομίσαντες
640 2829 685 2904 εἷς
703 2825 893 2910 Βυζάντιον,
925 2827 960 2892 ἐν
984 2829 1022 2912 τῇ
1042 2829 1100 2890 ’τοῦ

32 2975 206 3032 delevissent
242 2977 283 3032 Aa
307 2977 374 3034 baec
398 2982 560 3052 imperator,
579 2981 674 3052 Neque
699 2982 772 3050 ipsos
790 2997 862 3043 esse,
889 2996 979 3050 neque
996 2977 1048 3042 lsac
1064 2978 1099 3032 de

31 3065 61 3099 re
79 3048 398 3134 quidquamaudirissef
417 3053 476 3104 fleri
500 3061 588 3104 tamen
612 3052 748 3120 potuisse,
773 3050 845 3134 quod
862 3049 934 3102 idem
954 3067 1025 3101 nunc
1046 3050 1100 3120 ipsi

28 3126 200 3186 paterentur,
211 3135 265 3171 nass
277 3119 372 3172 fluvius
386 3139 415 3173 sn
430 3121 520 3174 medio
534 3129 646 3183 vetaret,
664 3129 695 3174 ut
711 3123 740 3173 in
751 3121 817 3173 alsos
831 3121 991 3181 incidentes,
1010 3136 1100 3189 pugna

28 3191 96 3240 victi
120 3191 259 3258 perierint.
294 3191 414 3242 Assensit
424 3189 553 3244 barbarus
577 3199 607 3242 ut
622 3191 777 3244 verisimili:
805 3191 925 3242 crudeles
943 3187 1031 3241 nihilo
1047 3188 1101 3238 mi-

27 3275 81 3310 nns
99 3259 200 3322 luisse,
217 3259 264 3328 qai
280 3263 395 3313 neminis
408 3264 540 3327 miserati,
557 3262 623 3314 elios
638 3261 717 3313 undis
732 3261 924 3331 praefecerint,
943 3261 1010 3312 alios
1025 3262 1101 3310 iacn-

27 3329 62 3380 lis
78 3331 162 3381 nullo
174 3329 329 3381 discrimine
343 3332 509 3391 confixerint.
546 3331 617 3384 Haec
637 3332 741 3384 locutus
758 3331 900 3394 abscessit,
919 3329 1024 3381 nescius
1046 3331 1102 3380 lio-

26 3414 146 3450 manum
167 3401 355 3468 imperatorem
372 3400 454 3453 verba
479 3417 567 3452 secum
587 3399 689 3453 iecisse.
725 3401 785 3452 Pars
812 3409 902 3452 nutem
924 3417 1016 3468 magna
1036 3399 1102 3466 Scy-

25 3468 142 3521 tharum
155 3469 247 3520 multis
257 3471 371 3540 insuper
380 3469 476 3522 diebus
490 3471 619 3522 Thraciae
635 3471 783 3532 immorata,
800 3470 908 3522 undem
923 3472 978 3522 sais
991 3467 1101 3520 sedibus

22 3557 52 3591 se
68 3537 205 3591 reddidit
241 3538 322 3590 Fama
340 3541 486 3591 communis
500 3540 662 3610 percrebuit,
678 3541 811 3592 seniorem
825 3541 1012 3608 imperatorem
1025 3540 1101 3608 prius
1199 3583 1203 3592 .

23 3625 146 3680 quoque
161 3610 224 3660 illas
239 3619 329 3661 contra
348 3611 479 3662 iuniorem
493 3612 522 3661 in
531 3609 694 3678 provinciam
712 3609 859 3672 induxisse,
874 3617 902 3660 et
915 3625 987 3660 nunc
998 3609 1103 3659 occulta

20 3679 170 3750 legatione
182 3677 254 3730 idem
267 3695 375 3742 ausum,
394 3696 447 3750 qno
460 3677 601 3732 Thraciam
606 3715 614 3739 ,
634 3687 728 3747 utpote
742 3680 816 3729 illius
836 3679 1002 3739 studiosam,
1018 3677 1102 3727 vasti-

20 3753 73 3802 tati
98 3748 263 3802 subiiceret.
298 3749 351 3800 Sed
365 3766 397 3800 ea
411 3749 480 3800 lama
501 3749 572 3800 nibil
592 3748 733 3817 probabile
750 3749 915 3812 continebat,
934 3757 962 3800 et
982 3746 1103 3816 quamvis

20 3839 36 3871 a
50 3820 158 3872 multis
178 3819 287 3880 iactata,
304 3835 405 3870 merum
420 3818 587 3870 mendacium
602 3826 673 3885 erat3
694 3827 834 3870 necantes
848 3819 931 3882 enlin,
946 3833 997 3871 nec
1008 3821 1103 3884 postca

21 3893 51 3944 in
66 3888 241 3950 muraenis,
261 3897 293 3939 ut
308 3887 423 3954 Scythae
440 3890 625 3957 irrumperent.

95 3961 146 4030 4⁰·
184 3959 436 4028 imperatornepos
460 3955 645 4024 Didymoticbi
671 3963 699 4008 et
718 3954 893 4026 Adrianopoli
910 3955 1020 4026 agebat,
1043 3971 1105 4007 cum

19 4031 73 4086 snb
96 4043 221 4082 musam
241 4027 299 4078 eius
318 4029 458 4097 coniugem
475 4027 583 4079 morbus
601 4027 715 4077 invasit:
735 4043 824 4108 quarn,
837 4023 909 4096 qnod
927 4033 955 4077 et
974 4027 1032 4094 ipse
1050 4025 1104 4090 By-

18 4103 154 4156 undam
174 4097 323 4166 cogitaret,
340 4099 420 4149 etlam
433 4096 468 4148 ob
484 4095 706 4157 invaletudinem,
721 4097 866 4166 praemisit.
902 4095 968 4146 Cam
982 4091 1105 4144 ithaede·

17 4181 96 4225 stum
111 4168 260 4227 venisset,
278 4165 384 4218 defecta
400 4166 512 4230 viribus,
529 4165 597 4218 XVI.
611 4165 745 4216 Kalendas
766 4164 939 4234 Septembris,
952 4161 1104 4214 indictione

17 4243 172 4314 septimas,
192 4234 375 4288 nnllnrelieta
393 4235 506 4300 sobole,
526 4237 556 4288 in
572 4235 628 4288 sate
650 4235 788 4287 concessit
825 4233 929 4304 Corpus
948 4229 1105 4300 Byzantium

47 4331 282 4384 cannarum.
890 4318 921 4371 rt
