2918 4846
463 347 747 420 ursaoauanrr
776 357 817 422 ιι.
838 361 889 430 ιν.
1120 337 1208 451 469

114 517 155 560 το
172 495 290 580 λόγοις·
316 499 380 564 καί
390 497 447 586 τήν
461 505 520 583 μὲν
531 505 656 592 εἰρήνην
669 504 805 594 ἔφασκεν
823 505 996 597 αἱρεῖσθαι,
1015 515 1071 584 καὶ
1081 520 1273 594 imbuite.
1288 526 1348 587 iiia

110 597 292 678 βούλεσθαι
315 600 389 684 περὶ
412 599 511 687 αδτής
532 603 684 682 σπονδάς·
725 607 784 693 τήν
809 612 990 694 συγγένειαν
1012 617 1050 681 δέ
1073 616 1111 682 οὖ
1132 619 1206 686 νυνί

111 691 276 778 ποιήσειν,
300 689 369 760 ἄλλ’
382 699 415 776 ές
428 692 559 785 όστερον
577 697 616 787 ήν
630 698 714 792 αὐτῷ
732 708 820 796 δοκῇ.
862 701 903 773 όν
918 712 978 792 μὲν
997 703 1054 778 σόν
1065 718 1121 780 καί
1140 717 1229 784 eri-B

110 801 180 867 τοῖς
196 789 236 858 τό
255 797 392 861 τοιαῦτα
410 796 490 864 κατὰ
513 797 639 886 γνῶμην
653 795 691 890 ᾗ,
723 808 925 890 διαλέγεσθαι
947 809 1023 896 περί
1040 813 1105 878 τῶν
1129 841 1207 883 συν-

89 892 240 978 ὅθηκῶν·
282 887 321 958 ῶν
335 897 363 959 δ’
380 895 472 982 ἓτερό
486 925 556 964 τινα
572 903 775 987 διανοῶνται,
797 903 993 985 ἀπελθόντας
1008 913 1207 998 παρασκευῶν

112 993 230 1070 ζεσθαι
244 997 318 1058 καθ’
334 987 395 1076 ό,τι
414 991 453 1061 όν
465 999 548 1087 δοκῇ.
571 999 600 1066 αἱ
617 1003 647 1066 δ’
655 1005 726 1070 ἐπεί
740 999 848 1092 ἑῶρεσν
864 1011 997 1089 βασιλέα
1014 1005 1209 1100 ἀμεταστρε-

110 1093 170 1208 πτί
185 1093 248 1156 τῶν
265 1093 298 1170 t}
315 1086 418 1180 α’ρχῆς
435 1095 584 1180 ε’χόμενον
604 1105 779 1186 λογισμῶν,
807 1101 864 1190 τήν
877 1109 937 1187 μὲν
952 1111 1133 1192 συγγένειαν
1149 1111 1206 1178 τόν
1220 1099 1225 1114 ”

111 1189 220 1254 αυτῶν
239 1187 363 1277 ἔφασαν
385 1198 518 1276 βασιλέα
541 1197 617 1286 περί
640 1199 788 1266 πλείστου
809 1210 987 1270 ποιεῖσθαι·
1026 1211 1081 1274 καί
1098 1205 1207 1288 αότοῖς

110 1293 362 1374 προστεταχέναι
377 1293 451 1381 περί
464 1298 582 1384 έκείνης
596 1301 702 1366 πᾶσαν
721 1303 943 1382 ἐπιδείξασθαι
961 1306 1124 1392 σπουδήν·
1164 1303 1206 1376 όν

73 1388 151 1456 ιοδὲ
169 1383 215 1472 μή
240 1393 440 1478 προσχαροίη
463 1397 545 1480 μηδέ
567 1397 707 1464 πείθοιτο
729 1399 929 1484 όβασιλεός,
961 1401 1028 1470 τότ’
1051 1399 1112 1493 ήδη
1132 1407 1208 1486 τοός

110 1488 177 1568 μὲν
202 1485 277 1573 περὶ
296 1489 414 1574 ε’κείνης
438 1489 550 1575 λόγους
570 1496 615 1572 εἰς
637 1493 674 1560 τό
689 1499 804 1580 μέλλον
822 1494 1019 1588 ὑπερθέσθαι
1041 1503 1085 1582 ῶς
1107 1509 1209 1596 καιρῷ

111 1589 160 1674 τῷ
183 1583 372 1673 προσήκοντι
400 1596 644 1676 γενησομένους·
684 1595 800 1674 αότοός
833 1601 869 1663 δὲ
897 1604 972 1688 περὶ
996 1605 1051 1688 τής
1067 1602 1209 1690 ,εἰρήνης

110 1691 279 1751 ποιεῖσθαι
306 1685 365 1764 τός
395 1689 568 1777 συνθήκας.
618 1697 674 1760 καί
699 1699 871 1780 γενομέναν
908 1704 985 1786 παρ’
1009 1699 1231 1788 οἷμφοτέροινα

110 1783 217 1868 λόγων
237 1780 275 1852 οὗ
293 1790 434 1872 πολλῶν,
468 1791 643 1877 σονέβηοόν
662 1818 697 1860 τε
717 1793 772 1860 καὶ
795 1793 851 1872 τός
866 1796 1005 1874 σπονδὰς
1020 1795 1207 1883 ἐποιήσαντο

74 1883 316 1972 ιὸαδθήμερον·
358 1887 412 1954 καί
434 1883 547 1974 όρκους
574 1892 761 1980 ἐποιήσαντο
785 1897 834 1960 ἐπ’
859 1891 974 1973 αόταΐς
1003 1895 1037 1962 οἱ
1066 1903 1207 1982 βασιλεῖς

111 1981 197 2050 κατὰ
219 1983 256 2049 τό
282 1983 372 2064 ἔθος·
413 1991 470 2054 καί
494 1987 569 2068 τοός
591 1993 755 2080 περιόντας
775 1998 838 2060 τῶν
860 1993 1033 2078 Ῥωμαίων
1052 1998 1207 2084 δοριαλοό-

109 2107 190 2161 τους
214 2080 332 2152 ἔλυσαν
354 2077 430 2152 rivae
455 2090 595 2175 λύτρων·
638 2087 718 2158 οὕτω
736 2091 797 2178 γόρ
822 2086 862 2178 ήν
886 2093 921 2158 έν
943 2103 1013 2172 ταῖς
1034 2098 1206 2182 συνθήκαις

112 2186 300 2269 εἰρημένον·
341 2187 387 2262 εἷς
399 2183 455 2274 τήν
469 2187 640 2276 ὑστεραίαν
654 2215 687 2256 τε
699 2189 859 2275 γενόμενοι
875 2193 910 2258 έν
925 2187 1046 2283 vairpi,
1074 2194 1206 2280 σονηρί-

110 2281 232 2370 στησόν
252 2307 286 2351 τε
309 2282 455 2371 ἀλλήλοις
475 2285 531 2352 καί
552 2291 782 2376 σονδιέτριψαν
805 2288 858 2356 διό
883 2290 986 2377 πάσης
1009 2297 1063 2378 τῆς
1083 2292 1206 2379 ἡμέρας

69 2380 190 2468 υοπερί
216 2385 280 2448 τῶν
308 2389 520 2470 γεγενημένων
547 2391 585 2476 τῇ
614 2393 786 2480 προτεραίρι
815 2387 894 2454 κατὰ
917 2389 973 2477 τήν
1003 2391 1111 2478 μόχην
1133 2387 1205 2474 ὁμι-

109 2485 262 2558 λοῦντες.
304 2480 448 2568 ἔκπληξις
479 2484 539 2572 γὰρ
573 2481 658 2570 εἶχεν
681 2486 892 2576 Ἀλέξανδρόν
919 2513 954 2554 τε
983 2489 1039 2556 καί
1064 2489 1204 2566 Monada

109 2581 172 2668 τῆς
193 2579 369 2663 ,Ῥωμαίων
399 2583 514 2669 τόλμης
537 2588 592 2650 καί
620 2587 677 2670 τῆς
706 2587 884 2669 εὐψυχίας,
921 2581 970 2652 ότι
1002 2585 1099 2672 ὀλίγοι
1124 2587 1204 2676 πρός

109 2681 369 2759 πολλαπλασίους
393 2680 636 2766 α’γανιζόμενοι,
668 2688 722 2748 καί
741 2687 802 2749 τῶν
822 2688 891 2766 μετ’
920 2683 1035 2762 αότοδς
1053 2689 1204 2769 τεταγμέ-

112 2803 180 2848 νοον
201 2779 378 2868 ήπημένοιν
396 2775 456 2868 ἤδη
480 2786 642 2870 λαμπρῶς,
663 2777 758 2850 οῦδὲν
778 2785 899 2866 μᾶλλον
922 2783 1051 2871 όφήκαν
1071 2786 1126 2870 τῆς
1147 2783 1204 2851 όν·

115 2961 242 3042 eamdem
260 2990 424 3043 sententiam
442 2989 603 3060 respondet,
622 3005 718 3060 pacem
737 2987 849 3112 ηοίόειυ
874 3003 904 3042 ιε
928 2985 1055 3058 amplecti
1084 3003 1143 3042 eam
1183 3005 1200 3042 e

110 3056 225 3110 foedere
250 3061 413 3130 interponito
442 3063 680 3114 confirmaturum:
709 3060 740 3110 al
759 3061 874 3112 nitatem
903 3068 994 3112 autem
1019 3075 1076 3112 non
1101 3075 1145 3110 mo
1166 3075 1202 3124 ο,

110 3126 164 3180 ted
183 3146 243 3180 cum
260 3131 315 3182 eibi
333 3132 467 3200 placuerit
485 3134 677 3202 ingressurum.
714 3131 742 3182 si
762 3131 845 3200 igitur
865 3129 958 3182 eadem
977 3130 1014 3182 eit
1028 3129 1137 3182 illorum
1150 3146 1200 3182 vo·

111 3199 220 3262 luntas,
246 3201 433 3272 quaerendum
457 3202 491 3254 de
519 3201 642 3269 Scythia,
667 3217 715 3255 eur
733 3201 776 3253 illl
801 3199 932 3254 videlieet
948 3215 1041 3268 pacem
1065 3200 1198 3266 ruperint.

111 3268 165 3320 Sin
193 3269 246 3321 alia
272 3274 363 3323 omnia
387 3272 523 3342 cogitent,
548 3283 612 3326 eunt
634 3279 663 3323 et
692 3287 721 3324 te
748 3278 883 3342 qualenue
901 3270 1016 3323 libuerit
1033 3279 1198 3339 comparent·

111 3337 210 3408 Legati
235 3348 266 3392 ut
294 3341 486 3412 imperatorem
504 3342 576 3394 nibil
594 3342 715 3410 apriano
738 3343 913 3394 immutatum
933 3339 1199 3403 animadverterunt,

111 3409 276 3462 affinitatem
298 3413 357 3464 elue
377 3411 505 3465 dixerunt
524 3429 614 3482 regem
634 3415 755 3481 ipsorum
774 3420 902 3480 exoptare
930 3427 1101 3479 tummopere
1127 3411 1198 3462 eibi-

111 3494 169 3549 que
188 3483 351 3550 imperatae,
380 3490 411 3533 ut
439 3483 468 3534 in
493 3499 525 3535 ea
552 3483 720 3535 concilianda
743 3483 847 3534 nullam
875 3481 1047 3554 diligentiam
1075 3489 1199 3566 praeter-

111 3549 264 3604 mitterent.
307 3553 355 3604 Sin
381 3553 435 3604 iret
458 3553 488 3604 iu
505 3553 559 3604 alia
585 3551 693 3614 omnia,
722 3559 781 3603 turn
799 3551 834 3603 de
853 3569 885 3602 ee
903 3569 1055 3604 termonem
1072 3567 1103 3602 ru
1121 3548 1199 3603 aliud

112 3629 222 3688 lempna
247 3624 429 3692 opportunius
453 3623 616 3674 reiicerent:
647 3623 756 3673 interim
792 3637 886 3691 pacem
913 3622 1025 3675 loedere
1052 3624 1198 3673 sancirent.

113 3693 209 3744 Pauelr
228 3695 365 3762 utrimque
384 3691 480 3755 dictie,
499 3709 541 3744 ret
559 3691 687 3744 convenit
712 3691 862 3762 eademque
886 3691 932 3744 die
956 3693 1029 3744 inter
1046 3707 1121 3758 regen
1138 3689 1200 3741 ioe-

112 3759 165 3814 dua
185 3761 362 3814 iureiurando
383 3762 491 3814 eoleuni
509 3779 585 3814 more
606 3763 760 3825 firmatum,
778 3770 807 3814 et
824 3763 926 3832 captivi
944 3765 1141 3822 Romanorum,
1167 3767 1200 3812 ut

112 3833 143 3882 iu
162 3831 366 3884 conditionibus
385 3849 540 3902 caprearum
553 3839 619 3892 eret,
631 3829 734 3900 abique
750 3833 841 3901 pretio
857 3831 969 3886 dimitri.
989 3832 1068 3882 Diem
1079 3845 1199 3899 requen-

112 3909 169 3952 tem
193 3909 282 3954 totum
306 3902 525 3971 comprandendo
551 3910 580 3954 et
605 3902 639 3954 de
657 3917 748 3970 pugna
766 3903 892 3971 pridiana
910 3899 1112 3956 confabulando
1132 3915 1199 3952 exe·

113 3980 220 4040 gerunt.
263 3971 418 4025 Alexander
460 3981 489 4025 et
521 3971 608 4024 Moeri
636 3973 815 4028 Romanorum
843 3974 972 4025 virtutem
1000 3986 1059 4021 eum
1086 3979 1198 4039 stupere

111 4041 325 4112 praedicebant,
352 4045 400 4114 qui
428 4059 484 4094 non
502 4043 582 4094 multi
601 4059 662 4094 euru
688 4043 768 4112 longe
794 4043 920 4112 pluribua
938 4043 1138 4094 decertassent:
1169 4047 1199 4093 et

113 4129 175 4163 eum
199 4122 363 4182 postremum
387 4129 480 4182 agmen
508 4129 602 4165 manue
627 4113 710 4182 plane
738 4112 875 4176 dedinent,
899 4111 972 4165 nibil
996 4119 1089 4162 umen
1106 4110 1197 4164 animo

114 4183 212 4246 fracti,
231 4184 309 4254 quael
328 4181 401 4236 nibil
419 4183 578 4252 contigieeet
594 4184 675 4246 nori,
700 4183 917 4236 eonetantiarimo
945 4181 1044 4251 apiritu
1062 4197 1123 4234 cum
1143 4179 1196 4232 be-

114 4251 202 4308 ntibut
221 4255 422 4310 oonorarrlrteut
447 4253 635 4326 compulrique
663 4261 757 4324 poetar
775 4253 810 4305 ab
829 4253 991 4308 loetantium
1009 4251 1137 4315 utente,
1157 4249 1197 4304 ita
