2946 4872
280 309 374 374 xxrv
695 303 721 364 r.
749 298 925 404 nosram

363 469 792 557 comministram,
821 461 1112 534 Abdronlclhaanls
1131 470 1190 533 viri
1210 465 1349 534 illustris-

279 575 370 656 uni,
390 571 609 657 maguiducis,
638 569 942 634 etcumAndronico
958 571 1350 653 seniorecognationacon-

278 674 374 737 irmcti
387 672 491 736 liliam.
529 671 603 734 Fuit
622 671 703 738 enim
716 668 832 732 baanae
852 689 985 732 esorore
999 667 1166 732 Andronici
1178 682 1275 734 natos.
1301 671 1350 734 Ex

231 791 237 808 ·
278 793 316 836 ea
329 769 450 836 sustulit
462 771 572 834 liberos
584 791 654 849 sex,
683 790 782 832 mares
795 781 876 850 tres,
900 767 1024 830 feminas
1036 769 1173 832 totidem.
1214 769 1279 832 lllis
1291 791 1350 832 no-

277 874 361 938 mins
373 872 514 953 lucrum,
542 870 732 950 Matthaeus,
764 867 903 951 Manusl,
932 867 1152 932 Andronicus·
1170 867 1278 952 ‚Atque
1298 869 1350 932 hio

277 983 446 1058 poscemus
458 973 508 1036 vix
522 969 733 1054 duodecimum
747 971 895 1053 attingens
908 989 1033 1050 annum,
1047 989 1118 1030 curn
1136 971 1204 1031 avia
1224 979 1351 1052 paterna

278 1075 312 1136 in
335 1070 503 1144 custodiam
525 1069 634 1154 datin,
666 1069 857 1156 postmodum
878 1068 1018 1154 pcso'l'era
1039 1067 1090 1132 lue
1112 1089 1166 1152 per
1185 1069 1217 1132 id
1230 1079 1351 1152 ternpus

277 1181 432 1256 manante
451 1171 584 1234 interiitr
613 1168 799 1256 reliquorum
819 1189 912 1253 opera
942 1169 1024 1232 dorni
1057 1167 1188 1254 bellique
1219 1168 1352 1232 multum

276 1288 350 1334 usus
379 1279 425 1333 eat
453 1279 550 1356 pater·
603 1269 742 1354 Uterque
767 1280 893 1333 ornator
918 1267 1059 1331 laudibus
1079 1267 1135 1332 lib.
1162 1269 1194 1331 3.
1208 1289 1274 1351 cap.
1300 1267 1352 1336 28.

276 1367 449 1432 Matthaeus
470 1367 618 1434 Demetrii
640 1368 800 1454 despotae,
836 1367 890 1432 lilii
912 1367 1079 1432 Andronici
1105 1369 1228 1431 maioris
1249 1379 1352 1431 natam

275 1465 387 1530 Irenen
400 1487 523 1530 uxorem
539 1467 642 1532 duxit:
664 1489 742 1555 quae
754 1468 831 1532 illios
844 1471 872 1532 cl
893 1471 1010 1554 peperit
1030 1468 1126 1549 duos,
1155 1439 1299 1532 loannem
1320 1479 1353 1532 et

275 1567 486 1630 Demetrium:
518 1566 594 1632 blica
614 1577 735 1649 ternas,
760 1589 889 1653 quarum
907 1571 1124 1652 primogenitae
1143 1569 1275 1630 inditum
1293 1589 1353 1631 no·

276 1685 348 1729 men
363 1666 553 1730 Theodorae.
606 1667 794 1730 Matthaeum
814 1679 900 1752 pater
920 1671 1131 1752 imperatorem
1151 1669 1351 1748 renunciavit,-

275 1764 418 1851 deditqoe
439 1767 472 1830 id
491 1765 827 1852 precibus'praesertirn
840 1770 1002 1832 exercitrm
1031 1789 1122 1853 quern
1139 1780 1240 1830 tarncn
1260 1768 1352 1829 loan-

274 1883 329 1927 nes
344 1863 541 1948 theologo
556 1865 644 1928 heres
659 1865 809 1950 legitimus
830 1869 957 1950 imperio
972 1867 1056 1930 abire
1069 1869 1176 1951 coegit.
1216 1864 1352 1928 Manueli

274 1963 369 2026 liliam
382 1963 485 2049 Syrgis
500 1965 574 2047 (luit
596 1966 646 2029 bic
669 1966 851 2052 Cypriorum
872 1989 944 2052 rege
966 1970 1158 2053 procreatus)
1181 1966 1351 2049 despondit.

275 2061 336 2124 Sed
349 2061 382 2124 id
396 2064 581 2128 connubium
593 2066 704 2151 Syrgea
726 2077 797 2128 ante
809 2070 931 2152 nuptias
944 2069 1078 2134 reccidit.
1106 2069 1195 2133 ‘Post
1209 2069 1352 2150 hiberus,
1461 2053 1465 2064 ¹

275 2160 483 2226 Triballorum
506 2165 702 2250 marum
731 2169 975 2252 potentissimus,
1014 2167 1106 2234 liliam
1136 2190 1222 2234 suam
1253 2169 1353 2234 eidem

275 2261 410 2324 Manueli
424 2263 603 2348 desponderi
616 2269 720 2351 cupit,
743 2277 775 2331 et
787 2269 1008 2351 despondetur,
1029 2281 1064 2333 nt
1077 2281 1122 2333 est
1134 2269 1214 2334 libro
1235 2271 1265 2332 ὅ.
1280 2291 1351 2354 cap.

273 2357 328 2441 48.
370 2361 524 2428 Hactenus
537 2365 576 2429 de
591 2367 736 2432 maribus.
770 2367 945 2432 Puellarum
956 2371 1049 2433 trium
1061 2373 1185 2434 nomina
1198 2381 1268 2433 srrnt
1283 2371 1352 2431 Ma-

273 2461 546 2546 ria„'1'heodora,
577 2465 705 2530 Helena.
746 2467 883 2530 Primam
896 2469 1068 2554 Nicepbcro
1082 2471 1203 2552 Ducac,
1228 2471 1352 2532 loannis

273 2557 425 2643 Despotae
436 2563 510 2644 lilio,
521 2563 710 2630 Acarnaniae
721 2569 863 2652 principi,
879 2569 1014 2632 nondum
1030 2572 1218 2654 septennium
1232 2587 1352 2652 egresso
1449 2635 1454 2646 ,

272 2668 379 2740 pactus
393 2671 449 2723 est.
491 2662 628 2732 Alteram
643 2659 779 2731 Orcheni
794 2668 925 2753 Persae,
954 2689 1008 2733 seo
1022 2671 1141 2733 Turcae
1154 2671 1273 2754 potius,
1297 2669 1354 2730 Bi·

272 2755 397 2840 thyniae
410 2761 533 2826 domino
545 2767 689 2831 tradidit:
719 2771 805 2834 cuius
818 2771 927 2856 opibus
941 2791 1007 2834 rem
1027 2791 1114 2834 suam
1136 2771 1353 2853 saepenumero

272 2862 450 2922 sustentavit
477 2874 568 2948 atque
592 2867 806 2932 constabilivit.
859 2871 1048 2934 Postremarn
1070 2891 1140 2932 cum
1155 2871 1268 2931 Ioanne
1288 2868 1353 2932 Pa·

271 2950 407 3042 laeologo
428 2963 609 3046 imperatore
620 3001 633 3048 ,ι
645 2989 793 3032 annorum
815 2969 987 3054 quindecim
1009 2969 1208 3050 adolescente,
1223 2970 1352 3032 coniun-

272 3055 337 3138 111,
365 3079 456 3140 quem
471 3061 575 3127 laudat
588 3065 644 3128 lib.
662 3065 694 3146 4.
710 3089 778 3150 cap.
798 3089 826 3128 r.
867 3070 914 3130 Ex
929 3089 965 3132 eo
987 3071 1179 3132 matrimonio
1195 3067 1351 3130 Androni-

270 3171 346 3234 cus,
375 3157 519 3241 Manuel,
550 3163 699 3244 loannes,
728 3163 901 3230 Demetrius
914 3167 988 3249 filii,
1018 3179 1049 3230 ct
1062 3169 1151 3230 Irene
1164 3167 1225 3230 lilia
1237 3184 1355 3251 propa·'

272 3253 440 3332 gati‘sunt.
482 3259 574 3321 Suam
597 3265 709 3346 cuique
729 3267 823 3326 trirun
845 3265 976 3329 filiarum
997 3265 1180 3354 peculiarem
1201 3267 1350 3329 laudatio-

159 3441 162 3448 1
270 3369 341 3412 nem
353 3354 498 3439 impertit,
517 3357 695 3424 Theodorus
709 3361 763 3426 lib.
778 3366 809 3427 3.
824 3387 892 3449 cap.
908 3365 976 3451 95„
998 3369 1132 3431 Helenae
1152 3367 1256 3429 eodem
1271 3366 1350 3429 libro

270 3467 339 3530 cap.
358 3451 430 3533 34,
451 3457 586 3539 Mariae,
610 3481 688 3544 quae
708 3463 841 3528 adversis
860 3465 979 3528 casibus
1000 3479 1125 3552 propter
1138 3489 1268 3550 nequam
1282 3487 1351 3530 ma-

268 3548 364 3628 ritum
376 3551 504 3636 iactata,
532 3559 655 3622 tandem
676 3583 713 3624 eo
734 3566 833 3628 occiso
846 3585 917 3629 cum
929 3577 1027 3630 matre
1040 3567 1219 3632 monacham
1231 3569 1350 3654 Byzan-

268 3645 304 3708 tii
319 3649 396 3731 egit,
425 3649 479 3714 lib.
497 3652 531 3736 4.
547 3679 615 3741 cap.
634 3659 688 3740 43.

350 3747 506 3834 Principio
526 3753 694 3822 Andronici
720 3763 770 3824 a‘vi
794 3763 925 3826 cubiculi
951 3767 1028 3829 sacri
1061 3769 1248 3853 praepositos
1270 3765 1347 3830 inita

267 3843 376 3909 deinde
397 3848 565 3918 Andronici
586 3861 703 3942 nepotis
724 3861 818 3942 (crona
839 3864 960 3928 ridetur
980 3869 1117 3951 coaevus)
1140 3889 1267 3952 magnus
1289 3866 1347 3928 do-

266 3947 420 4009 mesticus.
463 3951 626 4018 Thraclam
640 3959 807 4042 praelectus
830 3983 884 4024 scu
907 3977 1031 4048 praetor
1055 3969 1245 4052 gubernavit.
1272 3967 1349 4030 Fuit

265 4041 338 4106 itern
362 4049 502 4136 princeps
520 4053 645 4120 militiae
666 4059 895 4144 imperatoriae,
921 4068 986 4128 sive
1005 4069 1161 4152 copiarum
1182 4069 1242 4130 dur
1259 4088 1344 4130 sum·

265 4161 344 4209 mus·
386 4146 560 4220 Auctoritas
574 4157 655 4238 eiua,
683 4167 814 4244 potestas
827 4171 858 4224 et
871 4165 1048 4230 existimatio
1061 4166 1263 4232 incredibilia:
1284 4169 1340 4248 ita,
