2946 4872
262 298 292 402 i
700 323 906 394 ruttoctu

263 477 445 551 ctrtstopotts
474 477 689 552 destinatur(7).
717 481 874 534 Callinicus
891 478 931 534 ad
946 477 1054 532 CraIem
1072 477 1260 534 Triballorum
1273 481 1354 551 prin·

263 553 348 620 cipcm
367 549 399 602 de
418 553 550 604 societate
567 551 686 622 legatur.
722 549 849 620 Spondet.
868 553 966 605 Denuo
978 547 1010 602 de
1027 550 1106 611 ioco,
1126 548 1166 602 ad
1181 567 1260 620 quem
1274 553 1354 602 saiu-

262 623 297 673 tis
316 619 437 674 tuendae
457 622 633 688 confugiant,
651 619 839 682 deliberatur,
860 633 887 672 et
907 618 1106 686 Adrianopolis
1121 621 1287 690 praefltrtur.
1307 622 1355 672 ln·

261 691 354 742 iuriae
373 693 425 742 avi
442 693 473 742 in
483 704 605 760 nepotem
623 703 817 744 memorantur.
854 691 1022 760 Syrgiannes
1034 709 1047 740 e
1059 689 1181 742 Thracia
1194 703 1355 743 revocatur.

261 760 356 814 Adlsuc
373 759 406 810 de
425 761 596 832 locofisgae.
616 759 814 830 Adrianopolis
833 761 930 813 iterum
950 761 1071 828 eligitur.
1110 761 1265 826 Quaerunt,
1284 777 1356 834 quo-

261 827 341 884 modo
376 831 559 882 Constantina
580 831 621 882 oli
648 833 758 899 impune
790 843 891 882 exeant
924 827 972 902 (8).
995 829 1185 882 Protcstrator
1206 845 1298 882 senem
1322 831 1356 882 in

263 895 414 955 custodiam
448 849 634 962 trudendltm,
660 901 830 968 Syrgiannes
859 905 971 954 omnino
1003 897 1185 968 iugulandum
1210 897 1355 953 decernit:

263 972 374 1040 utrique
398 987 559 1040 repugnans
581 971 809 1030 Cantacuscnut,
830 971 862 1021 in
884 973 976 1040 prima
1000 971 1155 1031 sententia,
1184 966 1217 1022 dt
1235 969 1357 1038 simplici

262 1043 401 1102 discessu,
419 1035 636 1107 permanendum
653 1041 835 1112 pronuntiat,
854 1039 1009 1112 Syrgianni
1019 1053 1117 1092 contra
1128 1041 1230 1092 nitenti
1242 1043 1357 1110 sapien·

262 1125 307 1165 ter
330 1111 471 1170 occurrit,
500 1113 635 1178 simulque
659 1121 888 1180 protostratorene
907 1111 1011 1182 refellit
1024 1109 1073 1180 (9).
1097 1109 1187 1180 Nepos
1212 1107 1246 1160 ab
1277 1109 1356 1162 omni

262 1179 430 1236 crudelitate
449 1183 479 1231 in
500 1197 583 1232 aurun
602 1179 771 1242 attonem,
794 1181 990 1234 Cantacuaeno
1008 1179 1164 1232 subscribit.
1198 1177 1273 1232 Idem
1291 1181 1359 1248 Syr·

263 1254 382 1323 giannes
410 1261 437 1304 et
455 1263 644 1319 protostrator
653 1249 772 1321 ficiunt
813 1247 879 1320 (to),
910 1251 1112 1320 imperatricem
1133 1251 1358 1310 Cantacusenus,

262 1322 313 1393 qui
331 1331 357 1371 ct
375 1337 489 1388 magicus
507 1319 689 1382 domesticus,
714 1321 835 1371 iunioris
856 1321 1032 1390 imperatoris
1058 1319 1201 1390 coniugem
1220 1321 1360 1372 Constan-

262 1389 383 1460 tinopoli
401 1388 612 1458 relinquendam
631 1391 724 1442 sentit.
761 1391 883 1459 Magnus
908 1389 1098 1444 contostaulus
1125 1401 1152 1443 et
1173 1405 1289 1460 magnus
1315 1389 1361 1440 io·

261 1461 374 1534 gotiseta
394 1459 557 1512 Metoclsites
584 1477 694 1512 causam
719 1461 828 1530 nepotis
851 1457 928 1528 apud
951 1479 1035 1513 auum
1058 1472 1146 1528 agunt
1168 1457 1232 1530 (tt).
1252 1457 1297 1511 Ad
1314 1459 1361 1514 its·
1462 1485 1463 1504 ι

262 1531 365 1584 dicium
388 1531 554 1582 arcessitur:
569 1541 758 1598 protostrator
775 1547 834 1582 eum
853 1531 1016 1600 comitatur:
1040 1529 1202 1582 domesticus
1225 1546 1256 1581 ιιι
1276 1545 1363 1584 erve-

263 1603 308 1654 nit
318 1609 433 1670 postea:
455 1601 486 1651 in
502 1601 611 1668 palatio
638 1597 671 1653 de
688 1595 829 1652 servando
851 1601 953 1652 iuuene
971 1601 1202 1652 sermocinantur.
1273 1616 1361 1652 ernae

263 1672 387 1724 triremes
422 1687 440 1720 a
467 1669 657 1722 Genuensibus
689 1672 787 1722 amicis
821 1667 1078 1740 instruuntur(ts).
1110 1669 1201 1739 Nepos
1229 1685 1362 1739 magnum

262 1739 438 1792 domesticum
456 1735 616 1808 wJendens,
635 1757 663 1793 se
682 1738 818 1793 desertum
836 1743 1033 1822 conqueritur:
1059 1757 1131 1810 quae
1149 1740 1267 1791 maxime
1285 1741 1362 1804 uteit,

262 1808 350 1864 audit.
389 1810 502 1862 Citatur
518 1806 551 1861 dc
570 1810 679 1879 integro
700 1810 735 1861 ab
755 1827 811 1861 evo
831 1807 870 1860 ad
890 1807 1042 1862 tudinium:
1062 1812 1166 1861 amicos
1182 1807 1222 1860 ad
1234 1807 1364 1880 fidelita-

263 1894 316 1934 tem
340 1881 394 1932 sibi
411 1880 442 1929 in
458 1879 584 1948 periculo
600 1876 799 1948 praestandam
817 1877 954 1932 hortatur.
994 1879 1204 1932 Cantacueenus
1222 1892 1249 1930 et
1263 1892 1364 1949 proto-

264 1964 370 2003 strator
395 1949 490 2000 omnia
514 1949 703 2017 pollicentur:
731 1945 770 1999 ad
788 1948 926 2016 palatium
959 1945 1170 2018 deducunt(t3).
1197 1947 1241 2000 tm·
1265 1965 1364 2003 coram

263 2017 598 2160 :tfwzl
615 2017 893 2158 ztt‘lllttett‘
904 2019 1365 2144 Stlfflztd‘ttttvtlt‘

264 2173 309 2213 ter
331 2169 523 2227 exceptum,
556 2169 582 2208 et
600 2106 691 2208 avari
704 2170 735 2208 ut
759 2125 985 2209 contumiiiosum
1003 2107 1230 2230 Cedarguitoti).
1265 2159 1366 2213 Amici

265 2229 320 2283 duo
330 2230 408 2300 firris
428 2227 574 2280 clamarem
597 2224 761 2289 audientes,
779 2243 942 2280 succurrere
964 2241 1077 2296 parant.
1114 2229 1203 2280 Senes
1221 2229 1365 2297 quiescit,

266 2313 294 2354 et
313 2300 408 2370 nepoti
434 2295 610 2350 conditiones
627 2297 690 2369 sert
708 2309 848 2368 quatuor:
877 2294 917 2346 ad
931 2299 1058 2366 singulas
1076 2296 1298 2370 respondet(t5),
1314 2317 1369 2370 pe·

265 2369 325 2423 dem
343 2371 403 2423 sius
417 2385 523 2438 pronus
538 2367 690 2420 osculatur.
730 2368 827 2436 Fingit
838 2365 887 2420 ille
903 2385 930 2418 se
949 2370 1177 2421 reconciliatum:
1193 2371 1276 2422 inani
1293 2385 1368 2438 gau-

267 2440 315 2493 dio
340 2439 492 2493 exultatur.
537 2438 654 2490 Iuletur
673 2437 705 2488 in
722 2436 938 2507 Peloponnesum
963 2439 1121 2508 praefectus
1149 2439 1227 2491 abire
1246 2457 1367 2508 magnus
1464 2455 1465 2460 ¹

266 2509 431 2562 domesticus
439 2529 449 2573 ‚·
477 2525 549 2574 quoe
577 2508 663 2559 iussio
682 2509 815 2578 quoniam
831 2505 960 2574 fraudem
980 2508 1090 2570 aiebat,
1118 2507 1190 2579 quid
1213 2523 1282 2578 agat
1301 2525 1367 2562 cum
1464 2549 1465 2552 ι

266 2581 352 2634 sociis
371 2579 520 2632 consultat.
559 2579 717 2630 Coniicitur
736 2595 811 2628 mens
830 2579 904 2628 senis
928 2576 1016 2639 ltaec,
1035 2591 1066 2630 ut
1086 2581 1152 2649 ipsis
1174 2581 1264 2650 specie
1280 2595 1371 2649 pree-¹

257 2651 435 2722 sectus-orum
459 2646 619 2709 distractis,
640 2663 739 2699 nocere
758 2647 874 2698 liberius
908 2663 942 2699 ac
952 2647 1074 2718 facilius
1091 2652 1197 2718 possit.-
1222 2666 1280 2700 non
1305 2667 1368 2703 esse

265 2723 382 2774 salutem
413 2715 682 2788 negligendamitii).
701 2723 725 2768 A
743 2719 855 2768 iuniore
885 2713 925 2768 ad
944 2735 1035 2770 senem
1054 2735 1107 2786 pra
1132 2719 1297 2790 impunitate
1320 2737 1369 2771 so·

268 2793 374 2845 ciorum
392 2789 498 2858 legatio
516 2786 695 2848 decernitur,
724 2803 807 2859 quum
829 2786 994 2840 Metocisites
1011 2789 1093 2840 certis
1119 2787 1153 2841 de
1174 2791 1266 2840 causis
1285 2789 1369 2842 obire

266 2859 410 2914 detrectat.
446 2861 479 2912 Se
500 2861 578 2910 uitur
586 2858 702 2927 frivola
722 2855 867 2910 domestici
884 2858 1045 2919 excusatio,
1067 2875 1119 2911 cur
1136 2877 1154 2912 a
1172 2858 1369 2928 Peloponneso

267 2932 426 2984 abhorreat.
464 2878 631 2996 olearpatas
648 2929 683 2979 ab
702 2929 889 2997 imperatore,
922 2927 953 2977 in
976 2927 1142 2980 Thessaliam
1168 2929 1279 2982 iubetur
1295 2947 1370 2999 pro-

260 3003 359 3075 ficisci
367 3021 376 3066 ,·
397 3003 481 3070 quam
498 2995 686 3052 conditionem
705 2997 837 3048 similiter
853 2996 1045 3064 subterfugere
1064 2995 1177 3049 studens
1193 2995 1370 3061 dissimulat,

268 3085 296 3126 et
310 3084 391 3125 extra
407 3069 499 3122 urbem
508 3069 609 3120 milites
625 3068 826 3138 pecuniamque
845 3078 991 3134 exspectat.
1029 3067 1233 3120 l'rotostratori
1242 3069 1373 3139 Prillapi

266 3146 444 3214 praefectura
470 3135 622 3189 mandatur
656 3136 721 3204 (17).
740 3136 886 3203 Scriptura
912 3133 951 3188 ad
971 3136 1102 3188 lectulum
1120 3139 1257 3201 invente,
1277 3157 1370 3210 nepos

268 3212 405 3278 Byzorstio
431 3207 634 3260 decimotertio
657 3202 802 3258 Kalendas
838 3206 949 3266 Maias,
982 3209 1127 3260 comitatus
1160 3222 1373 3280 protostrator-s

267 3283 419 3354 persicisque
445 3277 581 3338 ‚ianutts,
611 3291 670 3328 cum
696 3273 811 3327 cunibus
843 3289 870 3326 et
896 3276 996 3328 avibus
1014 3279 1194 3341 venatoriis,
1213 3277 1372 3350 sdsugaat

269 3349 413 3410 tenendum
431 3347 547 3407 scilicet,
567 3343 716 3412 egreditur.
735 3342 1046 3414 Adrianopoiicomiter
1062 3352 1123 3400 acc'
1143 3351 1208 3401 ittet·-
1244 3352 1304 3402 Hoc
1323 3353 1374 3400 in-

270 3421 397 3473 tellecto.
425 3420 575 3484 imperator
595 3417 726 3484 Tagarim
755 3416 915 3480 manistram
937 3417 1057 3469 militiae
1083 3437 1100 3470 ιι
1136 3418 1288 3487 fugitiuum
1321 3437 1374 3476 re·

270 3487 424 3544 ducendum
444 3489 550 3538 mittere
569 3489 644 3538 vuit:
663 3503 680 3536 a
699 3503 754 3556 quo
780 3479 909 3546 docetur,
936 3486 1060 3540 laborem
1088 3489 1200 3540 inanest
1219 3488 1372 3562 sore(t8).

270 3559 455 3612 interdic'tur
470 3557 613 3616 omnibus,
634 3572 668 3608 ne
687 3567 809 3624 nepotem
829 3557 939 3610 nominc
955 3559 1130 3626 imperatoris
1149 3557 1298 3630 efficiant,
1319 3560 1374 3614 de·

270 3631 451 3699 clarntnrque
474 3626 575 3680 hostis.
601 3637 628 3678 et
653 3644 711 3678 cum
728 3625 859 3696 factione
877 3642 929 3678 sua
953 3644 970 3678 a
987 3629 1098 3695 piarum
1115 3631 1305 3680 communione
1324 3649 1374 3684 se·

272 3699 404 3756 cluditur.
441 3698 480 3750 Ab
507 3715 538 3750 eo
564 3693 665 3748 deinde
690 3713 785 3764 pacem
807 3712 892 3748 senes
917 3698 994 3765 petit·
1040 3696 1138 3766 tegna·
1166 3700 1197 3748 in
1214 3696 1374 3752 discrimen

269 3775 405 3825 ueniunt:
424 3781 451 3821 et
471 3767 510 3819 iln'
528 3768 645 3818 alterius
662 3783 792 3835 praesens
807 3777 890 3836 atque
904 3768 1083 3820 inconcussus
1102 3770 1218 3820 animus.
1238 3770 1374 3840 Benigno

269 3859 329 3896 cum
353 3857 482 3908 responso
510 3833 708 3900 dimittuntur(
714 3835 761 3904 19).
796 3833 934 3888 Postridie
960 3837 991 3888 in
1020 3837 1141 3890 concilio
1173 3857 1231 3907 pase
1253 3857 1375 3894 recusa·

270 3925 336 3972 tur,
375 3910 405 3958 ni
423 3912 518 3960 sentior
536 3908 650 3976 imperio
671 3903 768 3958 cedat:
791 3901 877 3956 datur
894 3917 986 3958 tamen
1004 3923 1107 3976 opera,
1128 3920 1158 3958 ut
1176 3911 1200 3960 is
1219 3910 1376 3963 imminens

268 3981 421 4052 periculum
438 3977 581 4032 declinare
597 3976 691 4045 possit.
727 3974 876 4028 Exercitus
901 3980 968 4030 mire
988 3989 1054 4028 avet
1072 3979 1235 4042 Bysantissm
1252 3992 1373 4048 peter-e,

271 4069 322 4104 nec
347 4053 374 4102 ei
396 4047 559 4116 persuaderi
587 4058 693 4116 potest,
722 4057 753 4096 ut
787 4043 875 4097 iibens
900 4047 931 4098 in
955 4043 1126 4100 occidentem
1146 4046 1318 4120 tendet(ao).
1345 4051 1376 4102 A

269 4118 490 4191 Spirentistielalro
507 4121 664 4172 Moesorum
683 4131 747 4184 rege
768 4112 897 4166 insidiae.
932 4117 1017 4170 Lente
1028 4117 1291 4180 comtantinopolin
1300 4136 1376 4188 per·

268 4193 310 4262 git
328 4190 443 4252 iunior,
466 4189 587 4242 morium
608 4196 790 4257 praetexens,-
818 4201 907 4238 senem
946 4198 1105 4247 roemonet,
1130 4199 1163 4240 ut
1179 4187 1235 4241 sili
1252 4201 1375 4242 musae.

269 4263 390 4332 stagna
415 4258 579 4314 domesticus
603 4253 638 4310 al
662 4254 869 4326 oppugnatione
888 4203 966 4312 uelis
986 4253 1223 4331 dissuasurus).
1246 4258 1378 4314 Palaeo-
