2986 4862
460 327 742 396 rusrourruurr
771 333 811 395 u.
832 333 863 400 e.
947 375 981 423 a
1125 307 1208 394 355

121 479 256 564 ἐμίνετο,
289 477 364 566 περί
387 481 446 544 τού
465 481 646 567 τραύματος
666 481 768 548 αύτού
784 478 897 570 ἐτέρως
917 475 939 572 ἢ
959 463 1003 564 ούς
1020 481 1088 570 ἔχει
1106 465 1358 574 oppos-Maiae

119 582 196 664 σθῇ,
217 573 330 663 ἐδήλου
351 581 407 644 καί
425 581 499 666 περί
517 581 630 662 αύτού,
650 576 694 658 ὥς
712 583 847 667 τρωθείη
867 585 926 664 μὲν
946 581 1001 649 τύν
1020 583 1132 670 μηρύν,
1153 581 1211 663 osi-2

118 679 233 759 δεραλτν
253 679 290 742 δὲ
310 673 347 741 τά
368 680 496 764 τραῦμα
512 675 596 761 ἔχειν
615 679 767 761 ductarier,
790 675 865 746 ούδὲ
887 678 940 746 διὰ
956 683 1046 747 τούτο
1061 681 1118 770 τὴν
1132 685 1211 750 ἐπά-

120 779 214 841 νοδον
227 781 398 858 ποιεῖσθαι,
419 777 489 842 ἀλλ’
510 773 595 842 ούτω
617 776 712 857 δόξαν
731 784 904 846 λυσιτελεῖν
923 783 979 846 καὶ
997 783 1071 867 πρίν
1085 786 1211 867 τρωθῆ-

98 884 187 950 5ναι.
217 870 233 939 ὅ
252 875 351 958 μέγας
371 877 406 940 δὲ
427 876 621 958 ύσμέσταιος,
649 879 720 944 ἐπεί
737 875 778 942 τά
798 881 872 964 περί
890 876 947 963 τὴν
969 878 1211 964 στρατοπεδείαν

121 971 329 1058 κατεστήσατο
349 975 460 1056 καλάς,
483 969 578 1050 άσους
597 973 701 1056 ἔδοξεν
720 977 808 1066 αύτῷ
827 979 881 1062 τῆς
901 981 1048 1064 στρατιάς
1067 985 1212 1064 παραλα-

120 1069 199 1156 βών,
221 1071 301 1138 κατά
321 1069 380 1157 τὴν
400 1071 544 1159 εἰσβολὴν
564 1075 620 1140 τοῦ
640 1075 874 1163 στρατοπέδω,
895 1079 965 1144 ἐπεί
985 1075 1134 1164 ἐπεφύκει
1155 1103 1213 1142 να-

121 1174 186 1248 tric
205 1169 348 1260 καθάπερ
371 1169 485 1256 ἰσθμὸς
504 1167 586 1240 ούσα
606 1171 717 1262 στενά,
747 1179 804 1242 τού
832 1175 959 1242 ἔνδοθεν
979 1177 1107 1242 ε’πιαολι
1133 1183 1213 1242 πλα·

121 1273 294 1355 τεινομένου
300 1321 311 1354 ,
335 1271 484 1358 ηὐλίσατο
505 1270 563 1360 τὴν
581 1271 679 1342 νύκτα
700 1267 842 1364 ᾧυλακῆς
863 1280 963 1342 ἕνεκεν
982 1279 1037 1362 τῆς
1057 1277 1215 1362 στρατιάς.

82 1401 122 1444 ro
205 1369 238 1458 η’.
275 1371 434 1460 Ὀρχάνης
454 1375 507 1456 δὲ,
535 1373 607 1440 ἐπεί
625 1375 789 1460 ἐπελάβετο
809 1372 829 1461 ἦ
852 1373 927 1459 νύξ,
948 1375 1024 1454 τούς
1043 1375 1097 1442 ὑπ’
1117 1370 1311 1448 advivente

123 1463 289 1558 σατράπας
310 1472 427 1549 πάντας
446 1469 639 1558 συναγαγάν,
665 1467 743 1560 ,μὴν
761 1478 821 1558 μὲν
840 1474 1026 1561 ἐμπειρίαν”
1045 1471 1113 1540 εἶπε
1133 1473 1238 1557 ,μάλα

122 1569 181 1658 τὴν
202 1566 323 1652 τόλμαν
342 1574 407 1638 τοῖν
431 1570 603 1656 Ῥωμαίων
630 1571 689 1658 τὴν
718 1571 800 1639 κατά
819 1571 878 1650 τάς
897 1572 1005 1657 μάχας
1025 1569 1137 1638 ου’δένα
1158 1575 1216 1658 σή-

121 1663 221 1758 μερον
241 1671 333 1751 ύμούν
353 1668 460 1754 οἴομαι
479 1665 677 1757 ἠγνοηκέναι.
716 1674 799 1738 δοκοί
830 1675 866 1740 δά
884 1697 939 1756 μοι
964 1671 1020 1738 καί
1039 1673 1156 1748 αύτούς
1176 1667 1216 1736 dv

122 1771 199 1852 ἐμοί
214 1771 482 1856 συνομολογῆσαι,
510 1769 555 1847 cic
576 1761 641 1838 oda*
660 1770 713 1860 ἐφ’
727 1767 835 1856 ἡμῶν,
864 1762 932 1836 ούτ’
954 1773 1008 1837 ἐπί
1025 1773 1087 1837 τάν
1106 1766 1217 1856 ἡμετέ-

82 1895 98 1962 ¹.
103 1875 192 1956 5ροον
206 1865 366 1954 προγόνων
387 1867 492 1955 ἕτεροί
510 1891 591 1946 τινος
607 1865 773 1952 Ῥωμαίων
787 1865 886 1952 ούτως
900 1861 1120 1954 εύκλεάςάγαν
1134 1863 1218 1954 η’μω.

126 1965 257 2034 νίσοντο
287 1964 343 2032 καί
368 1964 449 2049 μετά
469 1965 573 2054 πάσης
599 1967 781 2057 ἐμπειρίαις.
822 1967 877 2035 διά
897 1967 999 2054 πάσης
1018 1969 1078 2055 γάρ
1100 1965 1219 2053 ἡμέρας

124 2061 217 2150 ἡμῶν
237 2059 260 2151 ἢ
282 2063 387 2153 άπάτῃ
408 2057 429 2151 ἢ
450 2064 593 2152 ἐκπλήξει
613 2061 634 2152 ἢ
663 2063 748 2156 ὁρμῇ
776 2065 833 2134 καί
850 2065 1028 2154 θρασύτητι
1040 2064 1217 2156 Ιπαραβύλιρ

123 2161 147 2252 ἢ
168 2159 221 2252 ἐνί
233 2163 269 2248 γέ
288 2187 333 2253 sp
352 2161 457 2254 spo'rrp
478 2167 523 2242 είς
541 2161 673 2246 ἀταξίαν
701 2161 817 2246 αύτούς
837 2169 1040 2254 πειρωμένων
1059 2167 1218 2250 ἐμβαλεῖν,

124 2261 157 2330 ού
177 2267 208 2328 δ’
228 2263 321 2328 ούύέν
339 2267 460 2346 μάλλον
486 2264 677 2354 ἐκινήθησαν
702 2269 760 2332 τοῦ
789 2269 999 2354 προσήκοντος
1020 2263 1220 2352 φρονήματος

80 2363 247 2445 αοαύτσῖς,
268 2356 338 2427 ἄλλ’
358 2361 504 2454 ἐροτειρίρ
523 2367 583 2448 μὲν
602 2363 765 2453 ἐφύλαξαν
778 2363 835 2452 τὴν
855 2365 954 2448 τάξιν,
976 2363 1091 2455 οινύρίρι
1111 2365 1146 2428 dt
1166 2361 1255 2438 suiv.
1268 2385 1316 2453 ¹7⁶

124 2458 269 2550 εὐψυχίᾳ
289 2457 446 2548 κρείττους
466 2463 519 2528 dci
537 2461 721 2552 φαινόμενοι
740 2459 840 2550 ἡμῶν,
861 2465 1044 2530 άπέκτειναν
1066 2464 1125 2546 μὲν
1145 2469 1247 2538 noi-c

125 2560 201 2638 λούς
221 2557 321 2646 ἡμῶν,
341 2559 467 2628 ἐκείνων
488 2563 523 2629 δέ
544 2559 702 2630 άπέθανον
723 2559 797 2636 ciet
818 2559 927 2648 ὀλίγον.
947 2560 1003 2628 καί
1021 2561 1055 2628 τύ
1078 2562 1117 2648 δὴ
1138 2568 1224 2628 θαυ-

125 2657 333 2745 μαστότερον,
355 2654 406 2726 ὅτι
425 2662 481 2726 καί
498 2659 581 2744 μετά
602 2659 662 2747 τὴν
683 2656 846 2748 ἀνάζευξιν
865 2663 920 2746 τῆς
939 2663 1090 2748 στρατιάς
1107 2657 1221 2744 σ’λίγων

127 2762 221 2826 τινοῖν
242 2753 342 2826 ύπίοω
363 2757 619 2844 ύπολιπομίνων,
648 2757 901 2838 πολλαπλασίους
922 2761 958 2826 ἐκ
978 2762 1042 2826 τῶν
1062 2755 1221 2847 ἡμετέρων

126 2967 302 3016 tostratorcm
326 2963 468 3017 certiorem
489 2977 548 3018 esse
570 2963 676 3018 voluitr
694 2962 865 3018 vulneratum
888 2963 1043 3036 sequidem
1060 2964 1091 3018 in
1109 2963 1223 3030 femore,

127 3041 159 3086 st
180 3050 235 3084 nou
251 3033 418 3101 periculose,
436 3051 527 3107 neque
540 3033 641 3090 idcirco
656 3051 685 3088 se
698 3033 803 3087 redire:
820 3033 869 3087 sed
886 3033 960 3106 quod
978 3037 1059 3088 etiam
1074 3043 1138 3088 anto
1161 3035 1224 3087 sul-

72 3135 75 3140 ·
125 3105 263 3155 musitae
281 3119 311 3158 re
325 3103 383 3158 fore
400 3107 546 3158 statuisset.
576 3105 690 3176 Magnus
701 3121 763 3158 vcro
782 3103 955 3169 domesticus,
973 3105 1113 3159 commode
1128 3105 1223 3158 castris

126 3173 304 3238 constitutis,
327 3177 440 3245 sumptis
466 3183 535 3246 quot
562 3177 651 3230 voluit
673 3175 824 3240 militibus,
851 3178 881 3229 iu
905 3193 998 3228 corum
1025 3174 1102 3229 aditu
1125 3184 1223 3231 natura

125 3243 223 3316 pulcre
238 3252 351 3316 angusto
369 3253 398 3299 et
411 3243 511 3300 isthmo
530 3246 633 3312 simili,
649 3247 706 3301 lato
723 3244 870 3300 admodum
892 3245 1024 3300 interiore
1049 3247 1156 3318 spatio,
1173 3263 1223 3318 per

127 3323 238 3368 noctem
251 3315 379 3368 excubias
396 3317 459 3388 egit.

201 3387 226 3441 8·
263 3385 415 3450 Orchaues,
432 3394 576 3458 postquam
591 3385 805 3452 contenebravit,
822 3387 922 3442 coactis
940 3386 1054 3458 satrapis
1071 3387 1137 3450 suis,
1155 3387 1224 3440 talia

126 3453 212 3509 verba
229 3454 374 3510 disseruit:
393 3457 483 3530 Quam
504 3459 559 3511 siat
574 3457 642 3510 belii
658 3459 775 3511 scientes
792 3473 930 3529 manuque
952 3459 1072 3526 prompti
1099 3457 1223 3520 Romani,

126 3526 267 3579 nemiuem
287 3536 406 3580 vestrum
425 3527 510 3582 hodie
529 3529 633 3580 nescire
651 3528 766 3598 opinor,
793 3531 912 3600 novique
937 3545 987 3598 pro
1012 3537 1102 3592 certo,
1128 3535 1155 3580 et
1176 3545 1223 3580 ros

126 3593 198 3650 mihi
221 3613 393 3661 assensuros,
420 3613 510 3670 neque
530 3597 648 3660 nostris,
677 3614 768 3668 aeque
792 3600 924 3654 maiorum
947 3605 1099 3653 nostrorum
1126 3599 1224 3650 seculis

126 3669 263 3720 Romanos
286 3667 354 3720 aiios
378 3685 437 3720 cum
462 3675 540 3721 tante
560 3667 678 3721 nominis
700 3669 743 3719 sui
760 3669 845 3739 gioria
860 3677 971 3741 tamque
983 3669 1113 3740 singulari
1126 3669 1226 3738 peritia

126 3736 289 3790 decertasse.
327 3739 396 3792 Cum
424 3739 496 3792 cuim
515 3755 565 3808 per
587 3743 676 3790 totum
699 3735 772 3790 diem
794 3747 842 3791 aut
862 3737 970 3792 fallacia
991 3747 1039 3790 aut
1055 3747 1158 3792 terrore
1178 3743 1227 3788 aut

127 3811 237 3876 impetu
266 3805 361 3862 audaci
384 3825 416 3862 ac
441 3809 586 3878 repentino
609 3807 733 3860 autulio
756 3809 877 3880 denique
899 3807 981 3863 modo
1002 3809 1111 3862 ordines
1131 3823 1226 3858 eorum

129 3877 288 3932 disturbare
305 3895 480 3943 conaremur,
508 3877 562 3948 ipsi
587 3894 639 3930 uec
660 3879 798 3930 tantillum
824 3895 839 3930 a
861 3879 972 3950 propria
993 3879 1047 3931 sibi
1077 3875 1226 3930 altitudine

128 3949 216 4002 animi
227 3947 412 4002 deflexerunt:
431 3949 479 4002 scd
498 3965 552 4019 quc
567 3949 659 4000 valent
673 3947 828 4020 disciplina,
847 3951 979 4002 stationes
993 3957 1149 4002 servarunt:
1169 3947 1227 4000 ior-

128 4019 252 4072 titudine
266 4027 356 4073 autem
374 4019 515 4092 animique
531 4017 699 4088 praestantia
713 4035 819 4090 semper
829 4019 910 4073 nobis
924 4019 1060 4083 meliores,
1075 4019 1225 4088 complures
1339 4018 1342 4028 “

127 4099 255 4144 nocuum
267 4107 329 4144 orco
344 4089 521 4152 demiserunt,
536 4105 571 4141 ne
586 4089 678 4158 paucis
689 4087 800 4160 quidem
815 4089 955 4144 decorum
964 4107 1076 4142 numero
1087 4088 1226 4141 desidera·

126 4161 175 4215 tis.
211 4159 351 4232 Quodque
366 4159 519 4213 mirabilius
537 4167 593 4222 est,
612 4158 695 4212 etiam
713 4161 742 4212 in
760 4167 847 4214 cartre
871 4177 900 4215 se
921 4161 1073 4230 recipiente
1096 4158 1226 4220 exercitu,

128 4247 194 4284 cum
206 4227 282 4284 baud
294 4232 334 4286 ita
366 4231 447 4285 multi
464 4229 611 4284 rediissent
628 4245 730 4304 eosque
749 4231 784 4286 de
799 4231 879 4288 nobis
895 4231 982 4285 multo
997 4231 1090 4301 plurcs
1109 4229 1226 4284 invasis-
