2946 4872
274 255 302 339 6
712 279 919 346 tentonem

273 455 357 510 gnum
376 437 509 510 afficiat,
527 439 576 500 tui
591 439 688 511 magni
712 436 869 510 logothetae
885 435 953 509 filii
973 431 1101 491 sutdsntt
1118 454 1235 511 quotum
1252 439 1364 494 litterae

273 511 502 580 intercipiuntur,
529 524 556 564 et
570 527 663 566 eorum
675 507 858 582 paterofficii
872 509 918 560 sui
930 503 1102 561 admonetur.
1137 509 1365 564 Protovestarius

272 578 428 648 logothetae
445 593 566 632 extrema
587 583 740 642 minitans,
762 597 780 632 a
799 589 897 648 nepote
918 578 1111 648 compescitur,
1140 591 1168 631 et
1185 579 1262 651 apud
1279 597 1367 647 avum

273 663 432 703 excusatur.
468 651 557 703 Ambo
586 651 772 720 ingratissimi
789 651 994 710 inveniuntur,
1013 665 1162 731 eorumque
1179 652 1365 722 instigatione

273 719 373 771 bellurn
399 717 568 774 recrudescit
582 718 647 790 (43).
686 721 797 772 Nititur
825 735 909 770 senex
933 720 1090 770 memoriam
1109 719 1259 773 iuniorise
1275 723 1365 772 saeris

272 791 389 852 tollere,
418 792 496 842 ouius
520 791 710 864 patrocinium
726 786 892 859 patriarcba
909 788 1024 858 suscipit
1042 787 1107 862 (bi).
1143 793 1232 844 Avum
1247 791 1363 860 placare

271 858 448 913 Andronicus
467 873 604 922 conetur,
623 873 651 914 et
670 878 687 911 a
705 859 777 912 bello
791 857 961 919 dehortans,
982 875 1011 910 se
1028 857 1068 910 ad
1085 875 1199 912 causam
1216 857 1364 912 dicendam

272 931 365 1001 offert.
402 931 472 984 Orat
498 929 570 983 idem
594 947 646 1000 per
669 930 780 982 litteras
799 945 915 1000 magnus
933 925 1096 982 domesticus
1126 941 1156 984 et
1184 931 1215 981 in
1232 932 1364 984 extremis

272 1014 371 1065 terret,
400 1002 426 1051 si
443 1003 549 1052 monita
565 1002 758 1071 contempserit
770 998 834 1070 (45).
870 999 1008 1069 Responsa
1029 1001 1082 1052 avi
1098 1011 1214 1054 moestus
1230 1001 1363 1062 iuvenis,

269 1070 463 1142 patriarcbae,
483 1082 509 1122 et
521 1071 710 1142 episcoporum
722 1068 805 1139 fidem
823 1070 957 1140 appellat,
976 1071 1028 1141 qui
1044 1085 1105 1122 eum
1121 1071 1152 1120 in
1171 1071 1224 1122 avi
1239 1072 1363 1140 gratiam

271 1153 411 1195 conantur
432 1142 587 1192 restituere.
613 1141 779 1194 *Mittuntur
794 1139 924 1210 Rhegium
942 1157 977 1192 ee
990 1139 1078 1193 tribus
1091 1137 1192 1194 delecti
1205 1139 1362 1202 ordinibus,

269 1213 321 1282 qui
341 1211 459 1262 crimina
478 1223 638 1279 exponant,
664 1213 724 1263 eius
740 1209 927 1282 defensionem
942 1207 1080 1271 audiant,
1099 1221 1127 1261 et
1146 1209 1272 1264 iudicent
1294 1209 1361 1281 (46).

269 1282 323 1334 Ille
339 1297 423 1332 avum
445 1281 477 1332 in
495 1278 589 1333 odium
605 1281 700 1351 rapit,
727 1281 782 1332 sibi
799 1281 1021 1333 benevolentiam
1037 1277 1160 1332 iudicum
1178 1280 1305 1350 colligit,
1335 1293 1364 1333 et

270 1351 416 1420 sigillatim
434 1349 548 1404 obiectis
561 1348 715 1421 respondet.
752 1352 886 1423 Sequitur
899 1349 1092 1411 oratiuncula,
1113 1360 1261 1421 quostiam
1277 1353 1363 1402 inno-

270 1423 390 1472 centiam
415 1417 551 1474 adversus
574 1421 799 1473 criminationem
822 1419 855 1473 sle
881 1422 1007 1492 periurio
1038 1423 1070 1471 in
1085 1418 1205 1488 foedere
1222 1417 1363 1472 violando

270 1503 365 1544 tuetur
376 1488 441 1560 (47).
494 1491 551 1543 Avi
568 1503 596 1543 et
615 1491 734 1544 Cocaloe
752 1485 863 1544 litteras
882 1503 981 1544 contra
1006 1505 1033 1542 se
1053 1489 1180 1612 prcqsert,
1204 1491 1305 1562 quibus
1325 1491 1363 1542 ab

269 1562 337 1630 ipsis
346 1557 446 1631 foedus
464 1563 601 1616 violatum
619 1563 787 1614 convincere
805 1559 949 1614 contendit
966 1559 994 1629 (4
1011 1559 1033 1630 ).
1105 1561 1202 1614 ocalae
1218 1559 1365 1632 impuden-

268 1633 322 1684 tia.
346 1631 480 1702 Episcopi
494 1629 628 1685 damnare
640 1644 799 1685 accusatum
816 1644 957 1686 verentur.
978 1628 1154 1701 llespondens
1168 1647 1243 1696 avo,
1270 1629 1304 1684 de
1319 1647 1364 1694 se,

268 1713 299 1753 ut
316 1703 347 1753 in
365 1719 425 1755 eum
442 1701 580 1774 officioso,
596 1700 753 1770 praedicat,
776 1702 867 1765 illum,
883 1715 915 1754 ut
930 1701 1110 1772 sycopltantis
1125 1698 1279 1762 credulum,
1296 1719 1365 1771 per·

267 1772 399 1840 stringit,
416 1789 510 1841 pacem
524 1787 577 1841 pro
592 1771 749 1843 republica
764 1786 838 1836 orat,
866 1790 894 1824 se
912 1771 1037 1832 subiicit,
1061 1783 1087 1825 et
1105 1773 1137 1823 ni
1153 1770 1219 1823 bene
1235 1773 1363 1824 monenti

267 1839 453 1904 obsecundet,
471 1841 672 1912 minatur(i9).
728 1843 846 1896 Cocalus
863 1855 928 1896 octa
941 1841 1041 1912 liltegii
1059 1843 1209 1894 renuntiat
1224 1843 1286 1893 seni
1302 1859 1364 1892 ont-

268 1913 338 1962 nia:
356 1911 464 1981 reliqui
475 1929 533 1963 non
546 1909 713 1967 audiuntur.
748 1913 821 1963 Eum
840 1912 1007 1982 patriarcba
1022 1911 1181 1980 castigans,
1209 1929 1227 1963 a
1246 1913 1364 1966 iuniore

267 1997 297 2032 se
311 1993 447 2032 staturum
459 1980 616 2050 profitetur.
655 1983 721 2034 Cum
738 1983 871 2052 episcopis
891 1978 999 2034 idcirco
1014 1981 1132 2034 babetur
1146 1982 1196 2036 sub
1217 1977 1362 2034 custodiis.

266 2051 390 2119 Magnus
413 2047 578 2104 domesticus
601 2062 627 2102 et
642 2063 833 2122 protostrator
848 2049 888 2103 ad
899 2049 1102 2124 procedendum
1123 2051 1364 2120 Constantinopo-

265 2119 311 2172 lin
334 2131 458 2190 nepotem
483 2123 622 2174 incitant:
654 2124 701 2173 cui
720 2139 792 2193 spem
815 2123 953 2194 reliquam
975 2124 1056 2194 pacit
1080 2117 1246 2174 domesticus
1273 2123 1364 2189 eripit

266 2188 333 2260 (50).
367 2189 471 2260 Illtegio
486 2193 652 2257 Byzantium
668 2192 724 2244 iter
738 2191 897 2244 intendunt.
925 2195 1047 2263 Imperat
1061 2193 1090 2244 ei
1103 2209 1194 2254 avus,
1219 2193 1263 2243 uti
1277 2209 1306 2242 te
1324 2191 1362 2243 ab

266 2260 506 2314 urbeamoliatur.
534 2263 629 2314 Marci
646 2259 805 2314 Caballarii
823 2265 984 2316 convitium.
1008 2264 1162 2324 Memorat,
1192 2277 1248 2332 quo
1261 2261 1363 2330 officio

266 2331 298 2382 in
316 2347 401 2383 avum
412 2332 517 2402 suerit,
539 2333 619 2384 cuius
633 2334 821 2400 pertinaciam
838 2347 961 2390 accusat.
990 2332 1132 2398 Selybriae
1149 2331 1363 2400 rempublicam

264 2397 388 2454 ordinat.
423 2403 539 2453 Rursum
554 2419 638 2473 nepos
649 2401 871 2469 Didymoticbum
885 2403 980 2456 rediit.
1010 2400 1189 2454 Andronicus
1207 2401 1362 2464 Tornices,
1465 2443 1466 2456 .

265 2482 294 2522 et
308 2471 427 2524 Manuel
447 2473 578 2524 Laetaris
595 2473 738 2544 pactionis
762 2489 822 2526 cum
843 2473 965 2544 satrapis
986 2472 1149 2539 Scytharum
1177 2473 1299 2542 suspecti
1333 2484 1363 2526 et

184 2553 189 2562 “
267 2537 392 2594 Thracia
411 2544 505 2594 exacti
523 2541 598 2665 (51AE
623 2559 696 2611 quae
719 2547 921 2614 protostratori
941 2560 1001 2595 cum
1018 2556 1100 2614 parte
1120 2545 1264 2610 copiarum
1285 2559 1365 2595 com·

264 2611 392 2664 mittitur.
428 2614 464 2664 In
474 2613 556 2665 Mace
594 2613 670 2664 niam
684 2616 782 2667 iunior
794 2627 893 2667 contra
912 2613 1004 2666 hostes
1022 2613 1098 2674 abit,
1118 2612 1216 2664 Plteris
1231 2629 1277 2666 eos
1291 2629 1364 2682 pro·

265 2693 358 2737 vocat.
396 2681 436 2734 iis
459 2695 486 2733 se
506 2683 723 2745 excusantibus,
748 2703 802 2754 quo
821 2687 913 2736 minus
928 2683 1071 2754 postulata
1088 2693 1246 2753 praestent,
1267 2699 1365 2735 remo·
1465 2689 1466 2700 ¹

262 2763 347 2804 vetur
371 2750 437 2806 iude
461 2756 599 2806 exercitus
622 2752 690 2824 (bu).
744 2755 968 2808 Tltesselonicam
994 2763 1131 2806 vocatur:
1159 2752 1225 2810 urbe
1244 2749 1363 2818 dedita,

265 2837 320 2872 arx
337 2833 530 2890 oppugnatur,
565 2824 614 2876 eui
635 2824 786 2878 Pberenses
809 2837 912 2877 eventu
932 2821 1043 2894 infelici
1057 2820 1211 2875 subsidium
1230 2823 1361 2876 mittunt.

261 2891 433 2945 ldiraeulum
457 2895 549 2946 sancti
571 2895 706 2948 Demetrii
729 2895 861 2961 martyris
890 2896 922 2946 in
941 2896 1116 2966 imperatore.
1152 2893 1210 2944 Ara
1231 2889 1365 2948 traditur

261 2960 333 3032 (53).
363 2963 556 3027 Deliberatur,
574 2981 630 3035 quo
648 2962 777 3023 eundum.
812 2965 952 3018 Probatur
969 2963 1114 3016 consilium
1141 2964 1237 3030 magni
1264 2962 1365 3017 dome-
1465 2955 1466 2972 ³

260 3033 335 3084 ttici.
380 3031 487 3086 Edessa
516 3047 542 3088 et
570 3033 710 3088 Berrltoea
735 3051 762 3088 se
788 3033 899 3088 dedunt.
935 3035 1038 3104 Ingens
1056 3032 1210 3088 occidentis
1227 3031 1363 3104 desectio.

259 3101 351 3154 Duces
370 3105 491 3156 senioris
518 3103 558 3157 ad
577 3105 731 3158 Triballum
740 3104 906 3175 fugientes,
930 3122 948 3156 a
976 3105 1108 3157 Pheraeis
1126 3104 1260 3156 militibus
1279 3107 1367 3174 capti

259 3170 300 3224 acl
316 3184 439 3242 nepotem
459 3170 647 3230 adducuntur.
687 3175 754 3227 Cum
773 3174 907 3227 uxoribus
924 3191 1018 3226 eorum
1039 3175 1156 3246 benigne
1181 3177 1277 3240 agitur
1288 3173 1366 3245 (54).

257 3239 372 3294 Deditio
393 3243 537 3295 Castoriae
568 3255 594 3296 et
616 3243 755 3298 Acbridis.
792 3245 1030 3297 Protovestiarius
1055 3261 1114 3297 cum
1142 3246 1226 3297 sociis
1244 3243 1367 3299 Tribal-

258 3311 315 3362 lum
344 3309 477 3364 adarna
503 3313 535 3363 in
557 3315 748 3382 imperatorem
771 3315 907 3367 iuniorem
925 3316 1068 3368 sollicitat.
1107 3315 1209 3368 Uxoris
1235 3313 1367 3370 eiusdem

255 3381 659 3452 protovestiariimendacium.
696 3385 847 3437 Domestici
864 3387 896 3437 in
915 3397 1069 3456 contemptu
1097 3387 1163 3436 auri
1191 3389 1369 3456 argentique

257 3449 336 3520 apud
348 3454 593 3524 protovestiarium
604 3456 706 3523 reperti
718 3455 841 3506 excelsus
858 3457 974 3507 animus.
1011 3455 1190 3527 imperatoris
1201 3455 1371 3528 beneficen-

257 3521 309 3573 tia.
357 3524 525 3575 Voluntaria
542 3525 690 3588 agrestium
707 3525 877 3577 Albanorum
895 3525 1020 3584 deditio.
1053 3525 1235 3579 Triballorum
1258 3545 1370 3595 proce-

256 3609 317 3644 rum
336 3593 367 3643 in
392 3591 579 3646 dissuadendo
605 3595 677 3648 bello
704 3596 840 3662 aequitas.
889 3597 957 3650 Vane
982 3593 1023 3648 od
1037 3595 1184 3668 fiagitivos
1213 3596 1369 3651 iuvandos
1465 3609 1466 3620 ¹

255 3659 408 3731 complures
427 3663 493 3734 (55).
524 3665 610 3717 Casus
637 3663 799 3719 eorumdem.
836 3665 1000 3720 Strombitea
1028 3679 1054 3720 et
1080 3667 1234 3720 Melenicus
1255 3670 1369 3722 nolunt

254 3751 283 3786 se
308 3731 416 3788 dedere.
452 3735 641 3788 Protostrator
666 3735 705 3790 ad
719 3737 845 3805 fluvium
871 3739 986 3807 Nigrum
1015 3737 1151 3790 seniorem
1175 3737 1286 3790 vincit:
1308 3759 1371 3794 nec

253 3803 377 3855 laetatur
397 3805 536 3857 victoriae
556 3807 655 3858 nuntio
680 3807 783 3861 iunior.
830 3805 940 3861 Foedus
967 3825 1027 3861 cum
1048 3809 1142 3860 Moeso
1161 3807 1369 3880 senexsaci25

252 3871 293 3923 ad
307 3873 398 3925 urbem
420 3875 518 3926 iunior
536 3876 661 3940 aceedit,
682 3895 775 3946 paoem
793 3879 892 3932 iterum
920 3879 1074 3948 iterumque
1091 3877 1170 3948 petit.
1207 3879 1271 3929 Ilua
1297 3882 1369 3949 ple-

251 3941 309 3994 beii
330 3943 592 4015 Constantinopolin
609 3947 730 4014 produnt
749 3948 815 4022 (56).
852 3950 981 4002 Pulcrum
1000 3949 1151 4018 exemplum
1173 3948 1370 4005 Christianae

249 4013 470 4066 mansuetudinis
480 4014 657 4070 Andronicus
674 4020 773 4072 minor.
799 4019 994 4074 Proditoribus
1009 4021 1161 4087 praemium
1181 4017 1370 4086 condignum

246 4084 426 4152 promittitur.
464 4087 573 4138 Moesus
587 4087 627 4140 ad
643 4089 770 4162 confinia
789 4093 885 4155 copias
904 4089 1031 4148 addiscit.
1059 4089 1150 4159 Nepos
1170 4089 1250 4142 abire
1264 4091 1372 4164 logos,
1465 4099 1466 4110 ¹

247 4149 381 4208 decernit.
424 4156 574 4221 Quaeritur
599 4176 650 4210 cur
679 4161 736 4212 tria
760 4160 852 4212 millia
876 4161 999 4230 equitum
1019 4179 1036 4213 a
1056 4161 1159 4214 Moesis
1183 4162 1372 4226 Byzantium

247 4223 342 4280 misem
374 4227 452 4284 evus
479 4227 657 4286 mortitionem
675 4227 709 4287 tle
733 4232 859 4303 periculo
878 4228 1030 4301 vilipendit
1048 4229 1116 4303 (57).
1151 4231 1372 4303 interrogatur.
