2986 4862
294 270 382 382 438
692 286 972 356 οειιτεεσιεαι

145 446 439 536 Διαιὸδοῖσχοράς.
458 441 476 511 u‘
496 445 527 510 d’
543 443 581 510 nd
600 445 667 509 θείν
687 439 824 530 ἔφασκεν
837 442 905 528 εἰκῇ
920 445 1108 524 λογομαχείν
1122 433 1267 526 άλλὴλοις
1281 439 1376 508 dne«.

290 543 493 634 πάγονταςτύ
511 543 699 627 ψεύδεσθαι,
720 543 791 608 ἀλλ’
810 539 865 606 ἐπί
885 543 940 626 τῆς
958 542 1044 625 δίκης
1058 535 1276 616 καταστάντας
1298 533 1377 604 ἑκά-

289 673 382 738 τερον
404 638 449 713 οἷν
474 645 562 723 άξιοί
574 644 775 729 παρέχεσθαι
785 639 843 718 τάς
860 635 1050 720 άποθείξεις.
1080 634 1231 722 βασιλεύς
1245 641 1281 704 dd
1299 637 1376 723 πρύ-

289 772 379 837 τερον
397 750 457 830 μὲν
471 741 632 831 ἡσύχασεν
648 740 703 808 ε’πί
715 739 840 828 ’μικρὸν
863 737 942 826 πρὸς
957 736 997 806 τύ
1015 737 1185 823 εἰρημένα·
1212 731 1289 803 eddi
1313 737 1376 824 γάρ

289 841 331 936 ἦν
348 873 397 914 πα
413 843 566 932 πρότερον
584 843 678 908 ούδὲν
692 836 831 927 ἀκηκοώς
847 838 921 926 περί
936 837 1126 923 Συργιάννη·
1149 834 1258 903 ἔπειτα
1274 828 1396 919 ciffis-5

289 953 371 1015 σθαι
392 949 453 1029 μὲν
477 940 614 1010 adnexui
632 939 715 1008 πάνυ
743 937 823 1026 πρὸς
834 937 908 1014 τούς
927 938 1088 1012 τοιούτους
1104 934 1234 1022 λύγους.
1255 936 1295 1000 ού
1313 933 1375 1023 γάρ

289 1043 464 1135 βούλεσθαι
482 1043 570 1132 αύτῷ
588 1040 662 1116 τούς
688 1036 866 1126 ύπηκύους,
885 1035 959 1115 τούς
977 1040 1036 1120 μὲν
1058 1033 1204 1113 άπιστιας
1234 1033 1379 1123 φεύγειν,

290 1143 365 1221 τούς
384 1147 419 1210 δὲ
433 1140 582 1223 -θιιύκειν,
604 1133 686 1206 άλλά
706 1136 828 1214 πάντας
842 1161 878 1202 τε
900 1135 985 1226 αύτῷ
1003 1128 1117 1212 εύνους
1136 1130 1218 1202 εἶναι
1240 1131 1299 1198 καί
1316 1159 1379 1217 μη-

291 1247 366 1310 δένα
386 1245 465 1328 μηδ’
480 1266 527 1328 υφ
555 1263 624 1316 ενος
646 1242 904 1324 κατηγορεῖσθαι·
929 1237 999 1302 ἐπεί
1018 1238 1053 1300 δὲ
1081 1233 1207 1320 εἴρηται
1230 1234 1380 1312 τοιαῦτα,

291 1335 363 1410 ούθ’
379 1337 572 1425 ούτοοςὲχειν
585 1334 664 1404 άοτε
676 1330 757 1404 πάνυ
778 1335 936 1403 πιστεύειν
953 1337 1011 1416 δεῖ,
1031 1326 1103 1398 αύθ)
1123 1331 1203 1400 ὥστε
1218 1325 1414 1416 dumetum

198 1441 374 1516 arufiadttd
403 1441 531 1529 βασάνῳ
547 1436 582 1504 τύ
605 1441 734 1526 πρᾶγμα
757 1436 882 1520 δύντος,
903 1435 1039 1522 τάληθὲς
1052 1428 1239 1520 άνερευνᾷν.
1281 1423 1379 1514 εύχο-

291 1567 352 1628 μαι
371 1543 408 1607 δὲ
430 1537 667 1622 Τζαμπλάκιονα
682 1540 891 1624 παραχθέντα
912 1539 1033 1618 μᾶλλον
1053 1530 1094 1599 τά
1114 1531 1159 1617 μὴ
1180 1523 1258 1596 ὄντα
1275 1533 1378 1613 λέγειν

291 1637 363 1730 dini
382 1639 537 1716 τοιούτοις
554 1641 632 1716 οῖοις
653 1631 747 1714 αύτύς
767 1661 863 1723 φησιν
878 1637 1046 1718 ἐνέχεσθαι
1063 1641 1180 1708 κακοῖς.
1221 1631 1378 1714 Συργιύν·

291 1767 347 1829 νης
366 1743 401 1808 δὲ
415 1742 514 1806 ε’δεῖτο
528 1740 684 1822 βασιλέως
704 1733 800 1818 μύνον
817 1738 879 1801 τῶν
894 1733 1025 1800 δικαίων
1049 1741 1159 1816 τυχεῖν
1181 1728 1238 1795 καί
1256 1726 1304 1813 μὴ
1326 1725 1378 1792 διά

292 1838 510 1927 συκοφαντίαν
531 1837 651 1925 ἐρήμην
675 1835 812 1902 ἁλῶναι·
838 1832 912 1910 τούς
937 1836 972 1899 δὲ
1000 1833 1129 1917 ψευδεῖς
1154 1827 1310 1895 τουτουσί
1328 1823 1411 1902 auiti

292 1943 529 2021 πεπλασμένους
547 1933 657 2021 λόγους
668 1931 821 2022 ἡγεῖσθαί
838 1957 875 2012 τε
890 1935 991 2019 μηδὲν
1013 1934 1069 1998 καί
1083 1927 1143 1998 σύν
1164 1927 1272 1996 oddara*
1292 1925 1378 2017 πάνρ

293 2033 367 2124 ὅπερ
388 2041 451 2104 εἰσι
467 2036 582 2128 ῥηιδίως
596 2031 794 2115 ἀποδείξειν.
833 2032 982 2118 βασιλεύς
1006 2035 1042 2097 δὲ
1067 2029 1122 2096 καί
1144 2025 1243 2104 αύτύς
1259 2025 1380 2113 ἔφασκε

293 2135 373 2204 κατά
388 2137 514 2224 γνούμην
533 2133 618 2226 αύτῷ
633 2130 716 2202 εἶναι
734 2137 856 2218 μᾶλλον
874 2130 1101 2198 ἀπολύσασθαι
1118 2127 1177 2205 τάς
1190 2129 1380 2212 κατηγοράις

293 2239 349 2301 καί
370 2241 446 2322 μηθ’
471 2235 526 2304 ἐπί
546 2239 606 2324 aar?
623 2229 729 2300 αύτούν
749 2234 871 2301 άλυῑναι
893 2233 1038 2316 άληθῶς·
1068 2222 1178 2295 ἄδικον
1203 2227 1240 2291 di
1268 2227 1380 2312 ψῆφοι

293 2329 349 2400 ούκ
368 2327 409 2400 da
421 2359 495 2400 ποτε
512 2335 599 2423 αύτῷ
613 2335 796 2416 ἐπενεγκεῖν,
818 2334 856 2396 ού
874 2329 973 2414 μόνον
989 2325 1093 2415 ιύσπερ
1110 2331 1170 2394 νύν
1180 2324 1256 2412 περὶ
1271 2327 1413 2408 ψυχῆςεσ

265 2434 528 2523 Βάγοονιζομένηι,
551 2427 619 2498 ἀλλ’
636 2427 708 2496 οὐδ’
729 2434 760 2497 εἰ
772 2435 847 2519 περί
867 2435 930 2497 τῶν
944 2427 1152 2518 φαυλοτάτων
1176 2423 1263 2501 τινάς
1288 2421 1378 2508 ἐλάγ-

189 2541 284 2599 Vari
294 2557 373 2617 χανε
406 2532 465 2618 τὴν
505 2531 604 2618 δίκην.
660 2527 890 2614 Τζαμπλάκοινι
914 2533 950 2596 δὲ
977 2529 1139 2596 ἐκέλευσεν
1159 2523 1181 2590 ἃ
1202 2523 1376 2608 Συργιάννη

294 2632 439 2718 ἐγκαλοίη
459 2632 503 2710 είς
520 2635 617 2714 μέσον
637 2622 741 2716 άγειν·
782 2623 856 2694 οὐδὲ
872 2627 932 2716 γάρ
953 2655 1002 2693 πω
1017 2621 1087 2716 ᾔδει
1104 2623 1179 2714 περί
1199 2623 1310 2689 αύτιύν
1324 2615 1377 2685 ού-

296 2733 358 2803 tta.
406 2729 622 2815 Τζαμπλάκοον
638 2733 673 2798 δὲ
693 2721 818 2796 άνυθεν
838 2727 1029 2816 ἀρξάμενος,
1052 2722 1153 2806 ούτως
1167 2726 1307 2792 ἐποιεῖτο
1321 2725 1379 2812 τὴν

295 2901 411 2954 aiterum
429 2902 539 2955 mentiri
558 2902 672 2954 clamata
701 2897 750 2952 red
773 2900 802 2960 iu
829 2897 964 2952 iudicium
980 2895 1145 2952 veniendum
1163 2905 1192 2950 et
1207 2897 1243 2950 ab
1261 2905 1378 2970 utroque

293 2971 328 3024 ad
347 2971 377 3026 id
395 2971 469 3044 quud
487 2973 556 3026 velit
573 2971 785 3032 natendenduna,
803 2971 921 3021 rationes
940 2970 969 3020 in
984 2969 1103 3021 medinm
1120 2967 1305 3021 adducendae.
1340 2967 1380 3021 td

293 3042 363 3096 haec
389 3045 537 3112 imperator
562 3044 680 3111 primurn
708 3040 818 3113 quidem
844 3040 1042 3110 aliquantisper
1071 3039 1166 3092 aiiuit:
1203 3037 1278 3092 nihii
1307 3041 1379 3092 enirn

294 3112 428 3166 haetenus
456 3112 490 3166 de
517 3113 664 3183 Syrgianne
690 3111 830 3162 audierat:
859 3109 961 3162 deinde
985 3109 1162 3178 permolestae
1180 3111 1235 3162 ribi
1256 3109 1309 3162 hoa
1327 3125 1380 3162 aer·

294 3197 388 3234 mones
408 3199 466 3236 erae
485 3183 571 3235 dixit:
599 3183 730 3253 quoniam
750 3181 839 3232 nollet
858 3181 994 3234 aubieetna
1013 3197 1075 3233 auor
1095 3182 1163 3232 aliua
1182 3179 1297 3252 quidem
1316 3181 1379 3233 inii-

294 3251 416 3304 deiitntia
434 3254 536 3304 crimen
554 3251 706 3316 intendere,
725 3253 794 3308 aliua
812 3267 919 3303 canum
937 3251 1042 3304 dicere:
1070 3251 1118 3304 aed
1136 3253 1219 3302 amari
1236 3250 1272 3302 ab
1289 3253 1380 3303 oanni-

294 3319 346 3372 bua
369 3329 397 3372 et
419 3324 556 3376 neminem
579 3322 613 3374 ab
638 3323 696 3374 ulio
722 3321 806 3373 ulline
830 3323 939 3374 aceleria
957 3324 1083 3375 accentari.
1126 3321 1205 3391 Quae
1223 3337 1290 3376 veru
1309 3321 1380 3373 dieta

296 3391 369 3452 tint,
386 3407 438 3442 nec
454 3393 520 3444 talia
542 3409 616 3457 erae,
633 3401 665 3444 nt
683 3392 764 3444 vaide
781 3391 931 3446 credenda:
959 3410 1010 3446 nec
1027 3393 1112 3450 talia.
1139 3400 1170 3444 nt
1186 3394 1302 3444 omnino
1322 3408 1381 3444 ere·

250 3479 254 3487 ·
294 3459 383 3513 denda
405 3479 460 3514 non
486 3465 557 3515 rint:
594 3464 722 3534 quocirca
747 3463 927 3515 examinanda
953 3473 981 3516 et
1006 3464 1150 3515 veritatem
1177 3463 1381 3534 inquirendam,

293 3531 395 3600 Optare
415 3539 505 3586 auteur
524 3549 568 3598 ae,
588 3534 791 3603 Zarnplaconetn
806 3534 899 3601 potina
915 3551 983 3606 quae
999 3551 1054 3586 nnn
1068 3535 1125 3586 aiut
1137 3532 1276 3596 obiicere,
1298 3549 1379 3604 quant

293 3601 470 3672 Syrgiannem
489 3602 659 3657 obiecturum
678 3605 821 3656 eriminum
840 3619 915 3656 reum
934 3621 1001 3658 aare.
1037 3604 1200 3674 Syrgiannea
1216 3621 1313 3673 rogare
1326 3606 1380 3656 inr-

292 3682 457 3742 perntorem‚
477 3679 581 3726 tantun
600 3683 631 3727 ut
648 3677 708 3727 iure
727 3689 817 3726 aecum
837 3683 945 3744 agatur,
970 3693 1006 3728 ne
1023 3691 1073 3744 per
1091 3674 1255 3727 calumniam
1275 3673 1378 3726 indicta

292 3759 372 3796 canan
392 3743 542 3796 damnetur.
591 3745 677 3797 Faiaia
703 3753 794 3796 autern
818 3744 894 3798 hince
921 3753 950 3798 et
973 3745 1095 3799 confictia
1115 3745 1289 3797 sermonibus
1307 3743 1379 3796 niiaii

292 3829 322 3864 ae
340 3813 444 3867 turbari
467 3813 599 3886 nulloque
624 3815 718 3867 labore
742 3815 772 3867 id
796 3814 870 3886 quod
894 3825 985 3869 errent
1005 3817 1259 3870 demonstraturum.
1308 3815 1379 3867 Tun

291 3884 457 3952 imperator,
485 3883 544 3936 Sibi
570 3903 679 3956 qunque
704 3885 814 3954 probati
840 3889 941 3952 magia,
971 3888 1011 3939 nti
1039 3887 1153 3938 crimina
1178 3885 1268 3940 diluat
1296 3894 1325 3938 et
1343 3901 1378 3936 ιιι

291 3956 374 4006 nniua
399 3955 511 4026 quidem
529 3970 592 4006 vere
611 3955 794 4010 convincatur.
843 3956 970 4028 iniquam
993 3965 1084 4010 autem
1111 3957 1276 4011 sententiam
1304 3973 1377 4008 nnn-

292 4039 374 4094 qnam
392 4027 422 4077 in
442 4043 503 4076 eum
524 4025 660 4078 laturum:
688 4042 745 4078 non
764 4025 869 4089 auium,
900 4036 932 4102 ut
956 4028 1130 4098 inpraeaeua
1149 4027 1258 4080 devita
1279 4027 1310 4078 in
1331 4041 1376 4095 pe·

292 4094 410 4146 riculntn
437 4104 575 4148 vocaturn:
607 4095 657 4149 aed
682 4113 774 4168 neque
796 4096 831 4149 de
857 4097 949 4170 aliqua
974 4113 1003 4150 re
1029 4097 1212 4150 abiectintm
1243 4095 1376 4151 iudicium

292 4178 371 4214 auum
394 4164 565 4220 anbeuntern.
612 4167 683 4221 Turn
708 4165 879 4236 Zamplneoni
908 4167 1048 4222 mandavit
1073 4183 1228 4238 exponere,
1257 4169 1374 4250 ἰησοτσια

292 4229 471 4306 ὃττςλοααεαι
490 4231 680 4295 insimularet:
707 4235 798 4290 adhue
822 4239 898 4292 enirn
917 4254 951 4298 ea
968 4237 1119 4298 nauriebat.
1162 4237 1215 4294 iiia
1231 4237 1314 4292 duna
1331 4249 1374 4288 εει
