3018 4860
287 317 370 402 262
676 336 962 406 omnemne!

139 504 276 578 λαισυη
286 494 424 582 ἔγνωσαν
450 487 602 560 ἀδύνατοι
621 481 702 556 εἶναι
721 484 1034 574 ἀντιπαρατάξασθαι
1053 480 1133 568 πρὸς
1152 475 1272 561 μάχην,
1292 472 1373 540 ἐπά-

283 603 379 664 θοντο
400 595 446 676 δὲ,
467 596 565 678 μέχρι
577 589 736 666 Ξανθείας
753 589 886 671 βασιλέα
908 585 1092 672 ἐφθακέναι,
1115 573 1171 644 otis
1191 575 1293 692 rido'qsu
1313 580 1374 638 λυ-

282 701 429 764 σιτελεῖν,
444 693 499 758 sini
521 696 576 779 τῆς
604 686 701 776 αὐτῆς
727 693 832 774 μένειν
862 683 1124 773 στρατοπεδείας,
1147 678 1217 744 ἀλλ’
1239 695 1373 762 αρανιες

282 797 420 876 ἐκεῖθεν,
441 785 548 878 ’ἦλθον
574 793 620 867 εἰς
648 785 773 875 Φεράς,
804 781 873 869 ἀμα
900 788 960 867 μὲν
992 780 1046 848 καί
1072 777 1126 844 ord
1147 771 1259 859 αὐτὴν
1278 768 1372 836 πάλιν

284 889 406 980 ὀχυράν
427 887 509 957 εἶναι
528 889 772 976 καρτερατάτιον
791 887 906 970 τειχῶν
926 887 1104 968 περιβολαῖς
1123 879 1180 943 καί
1210 868 1396 986 ¹‹iqiioqr'orub
1473 901 1477 906 ·

252 993 348 1058 Βτῶν
365 987 549 1074 ἐπιτηδείων
567 989 742 1072 δυναμένην
757 994 902 1072 χορηγεῖν
921 983 1107 1070 τῇστρατιρῖ
1120 972 1256 1061 τοσαύτῃ
1281 993 1373 1057 osup,

285 1086 355 1172 άμα
374 1092 411 1154 δὲ
431 1086 624 1166 ἐλπίσαντες,
643 1088 697 1151 καί
716 1085 867 1169 βασιλέα,
895 1077 933 1148 ἀν
960 1074 1076 1156 αάτοδς
1104 1075 1243 1159 uelimus
1262 1065 1371 1152 denso

241 1217 245 1225 ·
286 1188 486 1274 στρατοπέδῳ
513 1187 552 1274 τῇ
587 1184 734 1270 Φεραίων
760 1185 945 1270 χρωμένους
971 1177 1026 1244 καί
1055 1173 1215 1264 ἀφθονίαν
1240 1166 1374 1252 ἔχοντας

287 1287 397 1368 σίτου,
429 1280 533 1371 ὥσπερ
562 1283 823 1350 ἀποδειλιάσαντα
851 1280 886 1348 ιδ
917 1284 950 1360 ἐξ
980 1277 1101 1364 ἀχυροῦ
1130 1267 1247 1346 αὐτοὺς
1266 1265 1372 1350 ὁρμά-

288 1389 369 1452 σθαι
390 1382 620 1470 στρατοπέδου,
649 1381 725 1470 πρὸς
745 1375 978 1467 Χριστοάπολιν
1004 1386 1120 1459 μενεῖν.
1159 1365 1309 1456 partirer
1336 1366 1418 1430 ³3¹⁰

287 1481 332 1560 οἷς
362 1486 482 1568 ἐγένετο
511 1485 545 1548 ἐν
565 1482 825 1570 Χριστοοπδλει,Ι
849 1482 920 1548 ἐπεί
938 1476 1074 1546 ἐπέθετο
1095 1469 1213 1546 αάιοδς
1234 1464 1376 1554 ἀφιγμέ-

288 1605 360 1658 νους
387 1584 432 1658 εἷς
461 1579 582 1666 Φερὰς,
612 1575 661 1670 Ιἤει
681 1583 736 1647 καί
764 1578 862 1656 αάτδς
881 1579 986 1644 oticsis
1004 1572 1135 1642 κατόπιν
1154 1567 1209 1636 aas*
1227 1568 1377 1650 ἐστρατε-

287 1684 438 1748 πέδευυεν
452 1682 487 1745 έν
502 1681 651 1770 πολιχνίῳ
664 1678 729 1755 τινί
744 1680 848 1763 Ζίχνα
868 1675 1176 1765 προσαγορευομένην,
1196 1663 1287 1751 ἔγγῦς
1308 1666 1377 1728 ΨΘ-

288 1785 362 1868 ροῖν.
407 1778 437 1845 οἱ
459 1783 493 1846 δὲ
515 1780 642 1864 Ζίχνιοι
662 1778 886 1868 καὶπρότερον
905 1782 964 1861 μὲν
990 1770 1201 1864 ἀφεστηκότες
1219 1760 1280 1850 ἤδη
1301 1767 1377 1836 ταῖς

288 1880 429 1964 γνώμαις
453 1878 532 1965 πρὸς
551 1862 685 1961 βασιλέα
704 1877 756 1946 τὸν
775 1879 863 1960 νέον,
880 1873 1020 1958 Ἀλεξίου
1045 1864 1296 1955 Τζαμιιλάιιοινος
1314 1859 1422 1924 voirs

288 1975 427 2061 μεγάλου
455 1979 575 2042 ποπίου
604 1978 767 2062 ἀνάγοντος
792 1975 873 2064 πρὸς
901 1979 1012 2058 τοῦτο,
1040 1977 1075 2040 ἐκ
1109 1957 1378 2077 Χριστουπδλξως

288 2074 396 2174 ιιράφα
416 2073 496 2160 πρὸς
517 2073 616 2142 αάτὸν
635 2079 868 2160 διαλεγομένου,
889 2072 957 2141 τότε
978 2077 1014 2138 δὲ
1028 2070 1084 2136 osis
1100 2073 1134 2136 έν
1151 2063 1284 2143 ἐλπίσιν,
1304 2059 1378 2124 αλλ’

287 2175 322 2238 ἕν
350 2178 468 2265 βεβαίῳ
489 2168 550 2260 ἤδη
578 2173 635 2260 τὴν
666 2178 820 2259 βοήθειαν
847 2172 998 2260 ὁρῶντες,
1026 2166 1204 2254 ἀπέστησαν
1231 2162 1380 2246 ἀναφαν-

192 2281 219 2336 P.
231 2273 368 2357 Ιῡλδὸν,
395 2276 451 2340 καί
475 2278 604 2357 βασιλεῖ
618 2275 863 2361 προσεχώρησαν
881 2277 925 2363 τῷ
946 2277 1005 2363 νέιρ
1025 2269 1085 2352 καί,
1096 2266 1130 2336 τὸ
1149 2263 1289 2346 πόλισμα
1309 2259 1380 2324 ἐνε-

240 2427 245 2440 „
287 2371 443 2458 χείρισαν.
470 2370 742 2458 στρατοπεδεύσας
770 2376 808 2438 δέ
836 2369 852 2440 d
882 2370 1030 2457 dunelmie
1057 2373 1092 2436 ἐν
1121 2369 1224 2449 Ζίχνα
1252 2357 1421 2446 ἡμέραςτο

285 2469 368 2554 δύο,
389 2470 433 2546 ὥς
459 2465 501 2536 dis
519 2469 554 2546 ἔνι
582 2494 616 2538 se
635 2475 697 2538 τῶν
715 2476 771 2557 τῆς
792 2467 971 2558 ὁδοιπορίαις
990 2469 1095 2536 πόνων
1115 2465 1170 2531 καί
1188 2465 1253 2528 τάν
1273 2457 1379 2524 ἀετῶν

290 2571 346 2634 καί
371 2573 434 2636 τάν
463 2571 629 2654 χειμώνων
647 2569 669 2656 ἦ
690 2569 825 2657 στρατιαὶ
847 2565 1058 2657 ἀνακτήσηται
1077 2563 1210 2650 ἑαυτήν·
1240 2551 1294 2648 (ἦν
1313 2555 1378 2641 γάρ

143 2665 330 2756 λ.0.ι8ι8δη“
358 2665 437 2736 κατά
466 2672 553 2753 μῆνα
577 2668 770 2757 Ἰανουάριον
793 2669 815 2756 ἡ
835 2673 892 2736 τοῦ
912 2671 1066 2755 χειμῶνος
1086 2661 1197 2754 ἀρά)
1228 2663 1268 2748 τῇ
1285 2654 1379 2745 τρίτη

362 2821 400 2872 ¹7·
419 2803 489 2874 Lege
511 2819 545 2856 ex
562 2805 646 2876 lntpr.
667 2801 778 2862 αδτοδς.

291 2923 401 2987 rissem,
419 2931 599 2981 conserturus.
635 2923 667 2978 ld
686 2942 746 2978 cum
763 2927 853 2978 sciatis
871 2923 961 2987 modo,
981 2921 1016 2974 ad
1031 2937 1148 2993 pugnam
1165 2933 1214 2971 vos
1234 2911 1373 2984 expedite·

288 2997 343 3048 lsta
360 2997 391 3047 in
419 2997 518 3047 litteris
536 2998 687 3065 imperator.
732 2997 776 3048 llli
804 3013 833 3049 se
857 2995 1020 3048 infirmiores
1040 2994 1212 3056 iudicantes,
1237 2999 1318 3060 quam
1337 2989 1373 3036 ut

288 3067 347 3118 eeie
369 3066 555 3124 decertarent,
580 3068 796 3137 audientesque,
823 3068 1015 3135 imperatorem
1044 3064 1190 3117 Xanthiam
1218 3059 1375 3116 accessisse,

289 3136 443 3186 consultum
460 3136 519 3187 fore
538 3135 730 3198 decreverunt,
748 3137 828 3190 motis
853 3137 956 3198 eastris,
975 3135 1030 3186 alio
1049 3151 1078 3186 se
1096 3131 1252 3185 transferre.
1287 3129 1376 3199 Igitur

290 3205 391 3260 Pheras
409 3213 525 3274 petunt,
553 3215 582 3258 et
604 3205 679 3277 quod
707 3207 773 3258 urbs
797 3223 829 3258 ea
852 3207 1011 3258 firmissimis
1037 3213 1111 3272 septa
1139 3201 1284 3254 moenibus
1302 3205 1378 3252 esset
1445 3207 1449 3218 “

288 3281 420 3343 tantoque
439 3271 570 3328 exercitui
589 3283 768 3328 commeatum
793 3275 968 3344 suppeditare
995 3276 1106 3395 larqiter
1124 3279 1230 3342 posset,
1262 3280 1291 3323 et
1308 3269 1376 3352 quia

289 3343 442 3412 sperabant,
461 3343 717 3410 imperatorem,ubi
735 3345 926 3409 intellexisset,
941 3363 987 3398 eos
1007 3363 1038 3396 ur
1059 3363 1101 3396 em
1119 3345 1195 3396 illam
1212 3358 1263 3410 pro
1278 3347 1379 3394 eastris

289 3411 401 3475 habere,
426 3429 589 3483 annonaque
609 3424 638 3466 et
662 3417 768 3485 reliquo
793 3426 943 3470 commeatu
963 3417 1083 3478 affluere,
1103 3421 1280 3473 metuentem,
1302 3425 1339 3462 ne
1358 3425 1378 3460 a

290 3483 385 3534 eastris
411 3481 478 3534 adeo
503 3487 616 3538 munitis
642 3497 829 3554 erumperent,
857 3487 1025 3556 Cbristopoli
1050 3499 1229 3540 mansurum·
1258 3481 1318 3551 Qui
1343 3487 1379 3534 ut

290 3551 476 3621 christopolin
494 3554 571 3606 venit
588 3564 618 3606 ot
634 3571 680 3608 eos
695 3555 786 3608 Pheris
804 3557 995 3611 recredidisse
1014 3557 1128 3624 accepit,
1148 3555 1278 3624 persequi
1292 3551 1378 3604 insti-

289 3623 347 3674 tuit
363 3631 392 3676 et
413 3620 448 3673 ad
466 3623 597 3692 oppidum
615 3625 713 3678 Zicbna
732 3629 912 3696 appellatum,
928 3643 1014 3697 prope
1032 3627 1143 3689 Pheras,
1160 3626 1310 3677 exereitum
1323 3619 1378 3674 ad-

289 3692 375 3746 duxit.
412 3691 518 3744 Ziehnii
536 3694 589 3746 iam
616 3703 695 3759 ante,
718 3697 864 3766 impulsore
881 3700 977 3752 Alexio
998 3692 1171 3766 Zamplacone
1189 3709 1287 3766 magno
1306 3708 1379 3762 pap-

289 3766 345 3830 pia‚
364 3764 413 3834 qui
433 3780 447 3813 e
466 3763 634 3834 Christopoli
654 3767 759 3820 occulte
778 3786 839 3822 cum
857 3771 924 3840 ipsis
944 3776 1044 3838 egerat,
1065 3767 1163 3818 animis
1181 3763 1216 3816 ad
1236 3765 1380 3816 iuniorem

289 3831 325 3884 lm
347 3843 479 3886 oratorem
497 3833 665 3888 deiecerant:
678 3839 712 3888 Et
722 3840 785 3908 quia
803 3847 860 3892 tum
877 3857 932 3894 non
950 3855 1007 3907 spe,
1019 3837 1066 3890 sed
1082 3837 1170 3890 oculis
1188 3837 1256 3904 ipsis
1270 3839 1379 3885 sermm

288 3905 316 3954 vi
337 3906 420 3958 ebant
439 3905 769 3974 auxilium,propalumacl
788 3925 860 3970 enm,
878 3909 972 3962 dedita
991 3909 1068 3970 urbe,
1077 3909 1250 3960 transierunt
1269 3905 1378 3956 Trans-

289 3982 350 4026 acto
370 3975 408 4026 ibi
424 3973 510 4028 biduo
528 3975 563 4026 ad
581 3977 756 4038 reficiendum
781 3980 1011 4050 recreandumque
1037 3997 1072 4032 ex
1095 3979 1202 4030 itineris
1226 3974 1318 4026 labore
1335 3989 1378 4024 ex

288 4043 441 4114 pluviarum
471 4053 499 4097 et
523 4046 629 4115 frigoris
656 4049 758 4100 iniuria
771 4051 899 4113 militem,
923 4051 1026 4122 quippe
1053 4065 1145 4102 mense
1164 4047 1298 4106 Ιοοονῐίῠ,
1323 4041 1379 4096 ‘¹5⁰

289 4115 370 4166 tertio
391 4114 462 4166 bene
481 4133 560 4168 mane
578 4120 683 4186 siguum
703 4118 737 4170 od
756 4135 828 4172 arma
845 4121 976 4192 capienda
995 4120 1052 4172 dari
1072 4121 1160 4173 iussit.
1184 4119 1254 4170 Tum
1266 4118 1380 4166 instru-

288 4185 345 4252 ctis,
356 4185 431 4238 velut
446 4184 481 4238 ad
491 4203 606 4254 pugnum
616 4187 769 4250 ordinibus,
787 4194 935 4260 composite
946 4199 975 4244 et
994 4207 1055 4243 com
1068 4189 1182 4244 silentio
1200 4183 1376 4248 incedentes,

288 4271 344 4311 mon
362 4256 456 4325 mucul
472 4255 583 4324 Pheris,
601 4259 712 4314 fluviolo
731 4259 875 4316 bibobisto
893 4263 1066 4326 transmisso,
1083 4263 1113 4316 in
1131 4259 1282 4333 procinctu.
1297 4262 1378 4313 im?
