2918 4846
440 273 722 342 nrsromrumr
751 281 790 344 n.
813 283 865 352 ao.
1111 263 1195 377 487

116 419 242 538 ἰδιώτης
257 420 420 503 Ῥωμαῖον
439 426 590 516 ἀδικήσῃ,
611 424 674 494 ἀπὸ
695 433 758 498 τῶν
774 433 951 523 προσόντων
972 437 1061 528 αδτρλ
1080 441 1341 526 Meduli-1934

114 541 178 634 ρων
204 545 225 601 η
258 520 445 606 πραγμάτων
466 523 523 608 την
549 529 662 611 ζημίαν
682 529 914 615 ἀπολαμβάνειν
933 535 989 602 τὸν
1016 539 1194 622 Ῥωμαῖον.

114 641 153 680 αν
172 619 208 680 δὲ
227 621 284 682 καί
302 622 340 706 τῇ
358 625 503 711 βασιλείᾳ
523 623 693 706 Ῥωμαίων
711 628 769 710 την
789 631 904 712 ζημίαν
927 638 1055 722 προξενῇ
1092 633 1114 722 ἢ
1136 643 1191 725 νῆ-

112 737 168 779 σον
189 713 409 804 διαρπάζωνῆ
429 720 520 785 πόλιν
538 722 611 788 τινά
632 726 787 810 παροίλιον
807 721 828 812 ἦ
846 755 877 794 τι
896 733 1019 816 ἓτερον,
1048 736 1100 800 τὸν
1122 733 1191 804 ἴσον

92 815 226 898 5τρόπον
250 809 313 880 ἀπὸ
334 821 398 884 ταῖν
417 819 542 886 ἐκείνων
561 822 722 908 κτημάτων
742 824 797 890 καί
816 828 1019 914 πραγμάτων,
1040 833 1072 898 εἰ
1083 837 1197 900 πολλοί

108 907 173 977 εἶεν
193 908 215 996 ἢ
235 909 298 998 εἷς,
325 915 382 1002 τὴν
403 921 517 1004 ζημίαν
536 921 764 989 ἀπανήνασθαι
783 930 924 1012 βασιλεῖ,
954 929 1053 994 αάτδν
1075 933 1111 996 δι’·
1129 951 1193 1016 ψη-

109 1011 260 1098 φίζεσθαι
287 1018 433 1098 πολέμιον
463 1023 507 1107 τῷ
536 1021 625 1110 δ’ἡμιρ
646 1025 702 1088 καί
727 1025 765 1110 τῇ
784 1029 885 1114 βουλῇ
892 1077 903 1110 ,
938 1029 994 1092 καί
1011 1029 1217 1115 στρατείεινῦ

108 1112 158 1174 ἐπ’
178 1111 294 1177 ἐκεῖνον
313 1111 358 1190 ὥς
378 1107 511 1182 ἄπιστον
531 1118 587 1184 καί
605 1119 761 1207 προδότην
781 1127 838 1190 τοῦ
858 1130 981 1192 κοινοῦ.
1007 1120 1046 1192 οὗ
1067 1126 1106 1213 δη
1127 1130 1193 1194 ἓνε-

108 1231 147 1271 κα
167 1208 223 1274 καί
240 1213 374 1292 βασιλέα
393 1215 561 1300 πρεσβείαν
580 1215 659 1305 πρὸς
677 1221 835 1290 Γίννουαν
855 1217 1093 1310 ἀπεσταλκέναι,
1113 1221 1192 1292 δι’στε

67 1303 151 1393 τομὴ
169 1304 267 1390 μόνον
285 1307 326 1374 rot
346 1310 487 1398 κτήματα
507 1314 597 1396 ὑμῶν
617 1319 678 1384 ταῖν
695 1321 864 1404 χρημάτων
880 1325 969 1388 ἕνεκα
983 1313 1029 1388 ὧν
1050 1317 1192 1390 ἀνάλωσε

104 1410 248 1488 πολεμῶν
267 1407 346 1488 ὑμῖν
365 1417 578 1496 παραλαβεῖν,
608 1411 688 1480 ἀλλά
711 1419 768 1482 καί
787 1417 926 1505 τριήρεις
945 1423 1091 1486 κελεῦσαι
1112 1425 1192 1504 πίμ-

104 1519 169 1586 ψαι
187 1511 261 1570 καθ’
281 1505 371 1588 iper
391 1507 471 1573 κατὰ
492 1507 532 1574 τοὶ
553 1512 740 1596 συγκείμενα
760 1515 817 1582 καὶ
841 1514 914 1595 roric
935 1511 1067 1598 ὅρκους.
1107 1515 1189 1585 aiore

103 1603 140 1667 ἐκ
159 1605 191 1668 Γ
188 1601 315 1682 emerius
335 1607 373 1670 ου’
391 1604 491 1689 μόνον
511 1609 693 1697 ἐπικουρίαν
714 1613 885 1698 ου’βεμίαν,
913 1609 992 1680 ἀλλά
1024 1619 1079 1682 κατ’
1097 1615 1186 1682 πόλε-

103 1725 165 1781 μσν
184 1705 239 1767 καί
256 1702 409 1770 ἐπίπλουν
428 1711 604 1799 προσδονρῖν
623 1711 696 1796 χρή.
723 1705 773 1776 ὅτι
793 1716 829 1782 δὲ
848 1712 904 1778 καί
921 1716 986 1780 mir
1006 1717 1189 1798 ἐπιτηδείων

62 1803 161 1868 ιὸνῦν
188 1823 223 1864 τε
252 1804 368 1881 ἐνδεεῖς
396 1805 468 1872 εἀτε
494 1810 549 1872 καί
571 1811 645 1890 μετ’
674 1809 776 1894 ὀλίγον
795 1813 952 1895 ἐπιλείψει
971 1817 1130 1889 παντελῶς
1149 1811 1188 1878 ri·

100 1905 184 1984 μιῖς,
203 1901 237 1980 ἐξ
256 1901 364 1968 αδτῶν
384 1894 424 1968 ἀν
443 1929 492 1982 τις
511 1909 575 1972 ταῖν
594 1905 786 1994 πραγμάτων
805 1909 1001 1995 ἀληθέστατα
1021 1913 1208 2000 τεκμήραιο.

100 2023 155 2069 το.
199 1999 229 2066 oi
247 1999 308 2087 γάρ
330 2003 527 2081 ἐξελαθέντες
545 2007 601 2071 τοῦ
616 1999 726 2084 ἀστεος
745 2008 804 2096 ἀφ’
827 2005 916 2092 sirenis
932 2009 1108 2094 Ῥωμαῖοι,
1140 2003 1187 2078 eiu

101 2093 194 2164 αὖτοί
212 2097 253 2164 τοὶ
274 2101 436 2186 ἐπιτήδεια
457 2104 608 2186 λαβόντες
625 2111 766 2192 χρῆσθε,
798 2105 834 2173 εδ
855 2111 970 2196 μέτρον
988 2112 1043 2194 τῆς
1062 2112 1183 2195 τροφῆς
1195 2123 1286 2186 Μ97

101 2195 182 2282 πρὸς
202 2195 237 2264 τδ
259 2201 322 2264 reis
342 2204 611 2286 πολιορκουμένων
632 2209 754 2289 πλῆθος
779 2205 987 2290 λογιζόμενοι,
1014 2205 1096 2285 δντὸς
1119 2206 1186 2272 ὀλί-

56 2319 160 2380 noyon
177 2295 296 2380 χρόνου
317 2297 504 2371 παντάπασί
518 2325 617 2388 φασιν
635 2303 721 2386 ὑμᾶς
740 2304 778 2370 τὰ
802 2307 886 2371 σιτία
908 2307 1090 2388 ἐπιλείψειν.
1121 2310 1186 2372 λεί,

99 2419 194 2460 πεται
216 2392 255 2481 δι’]
278 2399 357 2477 μίαν
389 2393 614 2468 transturas
643 2405 756 2470 ἐλπίδα
783 2403 958 2490 σωτηρίας,
983 2401 1018 2469 τὸ
1050 2405 1184 2489 βασιλέα

98 2491 325 2584 ῥρθυμησαντα
348 2489 370 2583 ἢ
392 2495 446 2564 διὰ
466 2495 501 2564 sd
522 2503 586 2568 τῶν
605 2500 857 2586 ἀναλισκομένων
878 2503 998 2588 πλῆθος
1012 2504 1184 2590 χρημάτων

98 2681 136 2732 tis
155 2683 227 2734 enim
244 2681 404 2752 planissime
422 2684 509 2753 pactis
528 2691 557 2736 et
575 2684 743 2750 foederibus,
760 2703 831 2758 quae
849 2703 909 2738 eum
926 2689 1044 2738 Romano
1065 2687 1181 2755 imperio

96 2759 207 2804 senatus
232 2755 404 2824 populusque
423 2755 588 2806 Genuatiuru
610 2757 683 2822 pacis
713 2773 792 2808 eausa
815 2757 898 2817 feeit,
921 2763 1030 2825 praeter
1048 2757 1103 2806 alia
1127 2755 1182 2806 hoe

100 2823 184 2874 etiam
209 2825 361 2887 contineri,
388 2833 419 2877 ut
438 2841 580 2878 commune
604 2826 724 2896 ipserum
749 2843 804 2878 uon
829 2825 910 2878 modo
936 2826 1041 2877 nullum
1061 2827 1180 2882 Romano

98 2893 217 2960 imperio
236 2893 430 2946 detrimentum
454 2893 615 2952 damnumve
639 2897 787 2964 importet,
820 2896 844 2946 si
870 2896 972 2947 nullam
990 2895 1057 2946 belli
1078 2895 1180 2950 occasi·

99 2977 181 3014 onem
200 2963 321 3026 dederit,
341 2965 389 3016 sed
411 2963 433 3018 st
479 2965 520 3018 uis
540 2966 622 3016 etiarn
641 2969 760 3034 privatus
784 2967 931 3018 Romanum
949 2965 1103 3040 quempiam
1122 2965 1181 3016 lae·

97 3034 183 3096 serit,
203 3042 233 3086 ut
250 3033 284 3085 ‹le
303 2982 520 3102 possessionibus
538 3041 584 3088 aut
604 3035 780 3090 facultatibus
799 3037 858 3086 eius
870 3037 988 3087 Romano
1009 3034 1108 3085 mulcta
1125 3034 1182 3085 sol-

99 3111 186 3156 vatur.
223 3103 273 3158 Sin
292 3104 406 3174 imperio
419 3107 537 3158 llomano
556 3104 767 3160 detrimentosns
784 3107 916 3166 estiterit,
936 3113 984 3156 aot
1000 3104 1113 3155 insulam
1135 3109 1183 3156 aut

99 3175 263 3227 maritimam
284 3173 378 3226 urbem
401 3181 448 3226 aut
466 3175 541 3227 aliud
560 3173 707 3242 diripiens,
734 3183 766 3230 nt
791 3175 884 3228 eadem
903 3175 1008 3228 ratione
1027 3173 1061 3224 de
1087 3190 1182 3225 eorum

99 3245 318 3314 possessionibus
337 3253 384 3297 aut
402 3245 595 3308 facultatibus,
613 3263 660 3296 seu
679 3247 770 3317 plures
793 3263 839 3298 seu
870 3263 940 3312 upus
959 3243 1099 3302 dumtaxat
1117 3244 1179 3296 lue*

99 3315 154 3376 rit,
173 3315 330 3384 imperatori
348 3315 460 3368 satisfiat
477 3318 486 3367 i
508 3333 591 3386 reque
611 3333 626 3368 a
646 3323 740 3368 senatu
758 3317 917 3389 populoque
939 3313 1077 3366 Geuuensi
1094 3313 1180 3369 bostis

97 3383 256 3448 iudicetur,
276 3393 304 3436 et
330 3401 402 3439 arma
429 3386 458 3438 iu
481 3333 558 3438 illum
577 3394 608 3438 ut
627 3385 760 3456 pertidum
779 3403 810 3438 oe
827 3385 994 3456 reipublicae
1013 3382 1181 3452 proditorem

97 3457 248 3524 capiantur.
285 3453 370 3510 Cuius
389 3458 428 3508 rei
444 3458 529 3524 gratia
545 3464 573 3508 et
591 3459 626 3509 im
649 3465 778 3508 eratorem
797 3456 832 3508 ad
845 3455 1002 3508 Genuenses
1017 3453 1181 3522 legationem

94 3527 202 3578 misisse
221 3527 326 3583 nostis.
343 3543 399 3578 uon
418 3527 504 3580 solum
525 3535 556 3578 ut
574 3475 672 3584 fundos
693 3533 720 3577 et
746 3525 824 3576 villas
842 3533 944 3576 vestras
963 3523 998 3580 ud
1018 3521 1179 3576 reficiendos

98 3603 238 3664 sumptus,
256 3595 320 3652 dum
337 3595 474 3648 vobiscum
495 3595 656 3666 belligerat,
672 3595 800 3648 toleratos
819 3595 951 3664 recipiat,
971 3591 1019 3646 sed
1037 3611 1082 3646 eos
1101 3595 1179 3646 iusu-

95 3683 149 3737 per
165 3665 199 3718 ad
217 3667 339 3718 triremes
358 3665 506 3721 seeundum
526 3675 659 3719 conventa
677 3673 705 3716 et
723 3666 875 3722 iuramenta
893 3673 985 3720 contra
1002 3677 1047 3714 vos
1066 3663 1179 3716 mitten·

96 3737 147 3788 slas
168 3737 316 3806 impulisse.
353 3735 536 3806 Quamobrem
563 3754 619 3788 uon
646 3733 799 3788 subsidium
819 3734 932 3797 Genus,
957 3732 1004 3785 sed
1028 3729 1130 3782 bellum
1149 3737 1179 3784 et

95 3805 206 3860 hostilis
225 3806 397 3876 adnavigatio
416 3808 499 3876 magis
518 3805 700 3875 exspectanda
714 3804 851 3858 robisest.
886 3806 968 3856 Porro
987 3809 1014 3852 et
1030 3802 1117 3852 victus
1132 3802 1177 3852 ia·

96 3878 162 3948 opis
182 3893 228 3928 vos
245 3876 384 3936 laborare,
408 3879 545 3946 pauloque
564 3863 627 3960 p'ost
644 3873 719 3946 quod
735 3873 875 3930 haesitetis
890 3891 946 3926 non
970 3870 1126 3933 babituros,
1144 3885 1179 3924 ex

97 3965 128 4000 re
146 3949 204 4018 ipsa
222 3947 286 3999 duci
303 3955 489 4016 argumentum
509 3946 687 4001 certissimum
707 3952 804 4014 potest
840 3943 916 4014 Quos
935 3942 1008 3993 enim
1027 3939 1093 3991 urbe
1111 3956 1178 3992 ene-

98 4018 176 4088 gistis
196 4018 326 4080 llornani,
345 4031 515 4086 quorumque
534 4017 671 4071 alimentis
689 4015 831 4076 fruimini,
856 4027 1006 4067 mensuram
1032 4009 1177 4062 alimoniae

98 4105 161 4140 eum
179 4085 348 4138 obsessorum
368 4085 545 4137 multitudino
563 4083 769 4148 contendentes,
787 4085 858 4136 intre
876 4081 958 4134 breve
972 4089 1076 4150 tempus
1088 4079 1178 4160 omui·

96 4155 187 4220 modis
205 4165 356 4210 commento
375 4171 422 4210 ros
443 4154 572 4210 eorituros
586 4157 728 4210 alllrmant
763 4155 833 4224 Ergo
850 4149 919 4206 haee
932 4167 985 4205 una
1001 4167 1063 4222 spes
1080 4151 1176 4204 solutu
