3018 4860
582 325 687 396 unn
715 331 756 393 n.
1075 393 1078 404 Α
1120 306 1209 424 309

135 477 250 534 iuratio.
294 478 453 538 uehunt
476 481 707 554 a-Zttmplecone
731 485 900 550 arcessitus,
920 487 1025 546 crimen
1045 493 1205 567 aegistho).

129 551 167 604 1n
177 567 278 608 summo
287 549 449 608 discrimine
462 550 501 608 ad
509 553 728 607 misericordiam
745 552 894 610 domestici
905 557 1043 634 confingit.-
1063 566 1113 634 qui
1123 567 1151 617 ei
1163 567 1208 617 in-

127 631 240 692 gratum
252 623 373 676 aenaeum
387 623 571 694 exprobrans,
586 625 765 708 aliquatenus
787 628 922 683 auxilium
939 633 1075 700 promittit
1088 635 1208 686 stultiti·
1258 625 1261 633 ‘

128 691 314 762 cmquesacti
328 693 413 762 ipsius
433 695 550 765 apologo
565 692 751 764 fistsuieeimo
768 709 833 750 ante
846 700 943 750 oculos
958 701 1110 772 ponique)
1152 704 1206 759 lli·

127 775 217 812 caeae
233 759 268 813 at
286 763 412 818 Orchane
424 765 509 818 Perea
529 762 653 818 otseuae
666 768 860 829 succurritur,
872 773 1128 840 poscompons'tur.
1162 773 1206 828 De

126 829 287 899 Syrgienne
307 831 440 886 iudicium
465 846 625 888 exercetur:
642 834 846 905 ampliationem
861 840 948 906 petits
967 840 1096 894 Galatam
1105 842 1186 913 flegit
1196 879 1205 907 ,

126 897 179 952 att
201 896 353 970 diligatam
373 905 533 976 quaesitus,
552 921 609 958 non
631 905 785 958 inuenitur.
820 906 888 960 inde
907 906 1059 974 Euboeam,
1077 910 1144 964 inde
1167 911 1208 965 ad

127 969 239 1020 erotem
254 971 323 1036 ahie,
343 976 390 1026 cui
405 972 537 1028 aduersus
548 974 685 1028 llomanos
698 971 746 1026 dat
761 976 941 1048 operum(ul)t
971 979 1126 1050 Sphraneee
1139 997 1206 1036 con-

124 1049 173 1089 tra
189 1039 371 1124 Sprpiannem
385 1061 412 1096 ee
426 1046 589 1128 imperatori
606 1043 695 1116 offert:
712 1047 779 1118 qui,
816 1063 853 1098 ua
867 1047 980 1103 ratione
995 1051 1079 1103 vivus
1091 1067 1125 1102 ac
1143 1053 1204 1107 sine

120 1124 565 1238 'iiiii‘h'iiiiiiiffllii'
581 1116 774 1256 tilithi
807 1129 943 1257 iiiiii
953 1119 1203 1244 itl'tltnlt‘t's

122 1248 293 1318 imperatore
306 1256 431 1324 praemio
451 1255 585 1328 officitur.
623 1255 689 1309 Cum
709 1257 765 1309 ero
778 1273 793 1309 e
807 1257 959 1311 concordia
973 1263 1144 1323 resarcitur,
1163 1263 1203 1314 ci·

121 1319 230 1373 vitatae
250 1321 285 1374 ah
308 1339 341 1376 eo
358 1337 456 1396 captae
477 1322 516 1376 ad
528 1322 613 1398 fidem
628 1322 760 1378 redeunt:
778 1324 864 1380 eidem
880 1329 1016 1382 auxilium
1031 1329 1065 1383 ah
1083 1331 1203 1402 impera·

120 1399 185 1442 tare
195 1391 386 1464 mittiturlai).
412 1395 519 1466 Regina
529 1395 652 1450 Moesiae
663 1413 715 1467 per
734 1393 804 1448 duos
839 1413 946 1452 roceree
966 1415 1052 1482 repno
1066 1402 1196 1471 exigitur.

119 1459 283 1515 Alexander
295 1463 445 1516 Michaelis
459 1483 493 1520 ex
502 1481 597 1518 sorore
612 1483 695 1534 nepos
709 1483 759 1518 rea
768 1413 941 1536 declaratum·
960 1485 1008 1541 que
1017 1470 1108 1532 urbes,
1127 1488 1201 1540 quoe

118 1531 518 1657 z.‘“t.2tll‘sltlss.lttll
531 1535 1203 1662 'liutei‘timi?“⁰13⁶”3'55'5t‘15552222

117 1666 244 1724 invadit.
279 1673 341 1726 Pax
356 1675 492 1728 sancitur.
527 1674 582 1728 Pro
601 1674 714 1726 urbibus
730 1675 833 1728 ahlatie
855 1625 1042 1748 digla'diotio,
1061 1679 1199 1732 Anchiale

116 1737 276 1809 Diampolie
287 1757 460 1814 permutatur
458 1743 534 1867 526).
576 1741 736 1796 Alexander
756 1743 888 1810 Scythae,
907 1746 961 1798 sihi
975 1748 1084 1800 auxilio
1099 1761 1199 1802 contm

114 1823 249 1879 patruum
267 1815 427 1877 uenientes,
478 1817 523 1866 olo
549 1815 580 1866 in
602 1814 736 1866 llomonos
754 1815 838 1866 mittit
860 1816 908 1868 uel
921 1819 1074 1886 praemittit
1094 1819 1198 1886 potius.

114 1881 262 1934 Atrociter
296 1895 426 1954 aguntur.
468 1884 679 1938 Matrimonium
694 1901 754 1938 cum
768 1885 866 1938 ilario
884 1886 1060 1954 imperatorie
1069 1887 1140 1954 filia
1154 1887 1198 1939 hie

111 1951 240 2020 petitur,
286 1954 309 2006 ie
336 1966 491 2008 recusatur.
527 1951 633 2007 Foedus
655 1955 767 2024 seritur.
805 1953 972 2008 Conuiuium
992 1957 1083 2007 initur
1110 1969 1138 2008 et
1164 1955 1197 2010 de

114 2022 285 2077 strenuitate
312 2023 430 2076 Romani
451 2021 679 2076 commendantur
693 2023 758 2094 (27).
800 2025 929 2076 Amariue
959 2027 1057 2080 Ioniae
1082 2039 1198 2096 satrape

116 2088 270 2144 streniam
287 2093 452 2156 incursans,
470 2095 584 2148 illaesus
602 2094 669 2146 chit.
704 2095 806 2146 Senior
818 2096 968 2165 imperator
983 2109 1010 2148 et
1021 2108 1109 2148 nsoter
1123 2097 1200 2149 iuni·

113 2159 177 2212 orie
188 2159 243 2213 hac
260 2165 323 2216 luce
346 2164 554 2233 defisnguntur,
573 2163 772 2216 Monomachue
789 2162 949 2219 Thessaliae
961 2166 1132 2236 gubernator
1151 2182 1198 2219 re·

114 2229 213 2284 hellae.
250 2235 382 2286 Montani
402 2235 529 2286 Theeeoli
545 2235 710 2304 imperatori
729 2235 845 2287 salutem
860 2233 973 2297 dicunt,
992 2235 1124 2309 obsequia
1144 2251 1198 2288 sua

112 2303 143 2354 ei
152 2297 317 2372 deferentes.
354 2305 420 2357 Cum
440 2305 522 2357 Crale
543 2307 696 2375 imperator
708 2305 817 2374 aliquot
829 2302 888 2356 dies
904 2304 1035 2358 hilariter
1046 2308 1114 2358 etin
1131 2321 1199 2375 epu·

115 2373 157 2424 lie
177 2374 385 2444 consumit(28)·
427 2373 527 2428 letius
546 2393 563 2428 a
591 2373 779 2428 Genuensilsus
795 2387 964 2444 occupatur.-
990 2393 1022 2429 σο
1047 2377 1204 2446 inperator

112 2459 177 2494 cum
190 2441 279 2496 classe
295 2461 397 2514 magna
411 2461 462 2514 pro
476 2446 610 2496 sciscitur.
641 2445 718 2498 Delii
737 2461 754 2494 a
772 2445 959 2498 Genuemibue
972 2443 1123 2518 deficiunt:
1135 2457 1196 2498 'nec

113 2513 140 2564 ii
166 2527 227 2564 cum
244 2513 375 2566 Romanis
390 2531 443 2567 con
466 2517 541 2586 igere
564 2511 677 2571 audent.
712 2513 850 2568 Pincerna
876 2514 915 2566 ad
932 2515 1089 2583 Mitylenen
1111 2531 1197 2586 oppu-

109 2579 256 2654 gnandam
270 2583 455 2656 relinquitur.-
472 2597 563 2638 cetera
578 2583 679 2655 oppido
689 2585 819 2638 Romanis
832 2601 860 2636 se
873 2582 985 2641 dedunt.
1007 2587 1110 2638 Contra
1123 2585 1197 2639 Pho·

112 2669 210 2705 caeatn
237 2665 265 2705 et
288 2655 444 2722 Mitylenen
464 2657 613 2724 imperator
629 2651 782 2706 Sarthanie
806 2667 937 2723 satrapae
958 2655 1095 2708 auxilium
1113 2656 1198 2707 inuo-

111 2733 171 2774 cat.
205 2722 418 2778 Phocaeensium
430 2726 461 2776 in
475 2719 504 2778 le
522 2721 694 2792 defendendo
707 2725 873 2776 constantia.
911 2724 977 2776 Trts
989 2724 1048 2795 filii
1063 2736 1194 2794 satrapae

108 2793 215 2844 Ioniae
236 2795 399 2865 imperatori
414 2793 505 2866 fidem
525 2810 602 2848 ettam
629 2793 806 2862 pollicentur.
842 2790 982 2846 Nobilium
1010 2793 1194 2847 Romanorum

109 2859 290 2916 clandestina
309 2865 340 2916 in
357 2865 548 2934 imperatorem
558 2860 680 2934 perfidia
690 2861 765 2932 (²9)··
785 2863 883 2932 ingens
901 2859 988 2915 eidem
1005 2881 1022 2912 a
1035 2864 1127 2916 Persis
1141 2879 1194 2914 au-

108 2932 220 2984 xilium.
239 2935 340 3004 Magni
353 2933 495 2987 domestici
507 2950 566 2986 cum
580 2933 693 2984 Amurio
705 2932 789 2984 Persa
806 2932 991 3002 colloquium,
1012 2944 1038 2986 et
1056 2932 1192 3001 epulatio,

109 3015 139 3055 et
154 3015 290 3073 quantum
301 3007 397 3072 gratia
413 3001 489 3074 apud
500 3021 559 3056 eunt
569 3003 699 3072 potuerit.
734 3001 1039 3066 Domesticuspmicum
1054 2998 1192 3072 quendam

110 3075 282 3126 &attensem
295 3073 335 3126 ed
347 3074 555 3142 tabernaculum
568 3089 646 3124 suum
665 3073 771 3124 inuitat
777 3109 788 3134 ,
809 3071 855 3124 cui
865 3070 1007 3124 Phocaeae
1022 3068 1196 3124 deditionem·

108 3140 1192 3282 il‘ittttflt‘:52:³5⁸‘illnlhl,alita{lslss‘ltttt'tttlss
1252 3183 1256 3198 ‘

105 3283 225 3338 ueniam
241 3297 341 3352 orent,·
355 3234 459 3337 'Persas
471 3281 578 3338 obsides
589 3285 617 3337 ei
626 3281 731 3336 donent
738 3303 749 3350 ,·
759 3282 912 3336 Phocaeam
923 3294 950 3334 et
960 3281 1116 3348 ffitylenen
1125 3279 1192 3334 recl·-

104 3351 196 3406 dant:
214 3355 300 3406 multa
311 3355 375 3408 item
390 3354 462 3406 lona
473 3365 626 3414 enumerat,
644 3353 743 3423 quihus
762 3353 797 3405 ah
812 3369 845 3406 eo
862 3349 1008 3425 afficiendi
1020 3351 1082 3403 sint.
1107 3349 1192 3404 Urbes

105 3441 170 3475 cum
186 3421 326 3477 obsidibus
341 3423 507 3486 redduntur,
522 3426 563 3476 ita
581 3422 681 3477 lesbus
696 3425 832 3493 recipitur
840 3423 906 3494 (31).
941 3423 1045 3474 Albani
1060 3421 1192 3473 tumultu·

105 3507 207 3556 aretur,
228 3494 390 3548 ciuitatibus
403 3493 508 3548 uicinis
519 3492 552 3548 de
571 3493 747 3564 epulationes
764 3492 901 3564 inserunt,
919 3489 1068 3544 domantur
1080 3493 1192 3542 immen-

104 3581 195 3636 saque
208 3563 316 3634 praeda
331 3567 501 3636 congeritur.
527 3513 711 3617 scemenum
723 3578 869 3634 procerum
886 3559 920 3615 de
935 3563 1101 3632 imperatore
1117 3563 1190 3614 reci-

101 3631 210 3706 piendo
228 3633 439 3704 diesemiol32):
458 3633 572 3706 reginae
584 3633 721 3684 sententia
739 3631 917 3700 approbatur.
954 3631 995 3685 De
1010 3633 1116 3714 nuptiis
1129 3647 1189 3680 cum

101 3705 235 3774 principe
244 3703 399 3774 Nicephoro
410 3717 437 3758 et
446 3701 589 3756 domestici
587 3701 660 3776 filia
680 3703 832 3754 assentitur
845 3701 1016 3770 imperator,·
1032 3699 1188 3753 lehertatem

111 3787 206 3844 negat.
242 3773 326 3828 Dedit
339 3793 367 3828 ee
381 3775 532 3846 provincio
545 3769 1016 3844 imperatorisquemansuetudinem
1032 3790 1066 3824 ac
1086 3768 1189 3836 henefi-

106 3846 231 3896 cents'am
245 3843 503 3898 commentorahilem
514 3842 663 3912 experitur.
698 3842 770 3893 Puer
784 3840 954 3912 Nicephorue
968 3859 984 3892 a
998 3835 1192 3892 malevolisod

105 3911 248 3967 dominam
268 3915 383 3969 Tarenti
400 3915 579 3980 transfertur.
614 3906 1188 3982 llehueconfictie,imperator1heeenlo·
1251 3929 1254 3940 ·
1283 3920 1289 3938 0

106 3985 201 4036 nicam
224 3981 305 4038 redit.
341 3983 502 4038 Alexander
527 3999 577 4035 ree
598 3983 755 4036 Moesorum
778 3999 861 4053 super
877 3980 1053 4033 matrimonio
1080 3977 1188 4045 legatos

48 4111 56 4122 ‚
105 4056 206 4114 mittit,
225 4055 272 4107 cui
284 4057 413 4126 quamuis
427 4053 564 4114 barbaro,
580 4051 687 4120 publici
700 4069 786 4106 causa
799 4049 931 4106 commodi
940 4049 1032 4122 filiam
1047 4063 1126 4100 suum
1140 4044 1188 4099 de·

104 4122 297 4194 spondetffl).
332 4125 432 4178 Persae
446 4135 572 4192 raptoree
589 4139 607 4172 a
624 4118 769 4176 domestico
789 4134 816 4176 et
830 4123 995 4193 imperatore
1016 4113 1185 4176 caeduntur,

105 4197 270 4265 capiuntur,
295 4208 425 4262 uantur.
446 4193 613 4260 Nuptiarum
625 4188 702 4262 apud
711 4190 915 4260 Adrionopolin
929 4187 1084 4244 celebritas.
1101 4187 1187 4238 Acer·

105 4283 211 4322 uanum
227 4261 261 4320 de
275 4259 374 4327 coeto..
391 4261 564 4334 llicephorus
580 4280 599 4316 a
614 4261 761 4318 reiellilus
776 4263 910 4330 repete'tur
927 4271 1012 4329 atque
1036 4275 1055 4334 e
1078 4255 1187 4313 Taren-
