2946 4872
274 282 341 342 xvt
706 279 732 339 Ι.
767 274 946 340 Pomm
993 373 996 380 1
1031 321 1035 330 .

276 449 336 510 Sed
358 451 442 510 iuvat
464 447 557 530 ipsius
584 445 784 508 Cantoeuzeni
807 445 900 507 verba
922 445 1057 528 proseme
1080 443 1112 510 in
1136 445 1289 527 medium,
1325 469 1361 509 ex

276 547 346 609 libri
362 549 461 630 quinti
476 548 573 630 capite
595 547 738 628 vigesimo
757 557 886 627 quarto,
902 545 999 625 unde,
1021 547 1173 629 quomodo
1195 569 1227 610 se
1240 547 1365 631 gesserit

278 650 310 707 in
333 648 460 708 historia
483 645 640 708 scribenda
659 646 822 727 Gregoras,
834 643 959 726 ‚liquido
972 649 1180 729 perspicietur.
1221 647 1363 730 Impera-

202 787 206 794 ‹
277 759 379 808 torem
401 765 477 808 vcro
509 745 778 821 Contocnzemtm,
809 757 973 826 postquam
998 746 1099 828 ipsum
1117 767 1176 830 per
1196 765 1229 806 te
1251 743 1363 830 depri-

277 865 360 906 mere
390 858 481 928 atque
504 857 645 904 evertere
672 861 735 904 non
755 845 877 928 potuit,
900 843 1160 926 Poioeologorum
1187 845 1363 928 imperoto-
1467 905 1468 940 ,

279 965 348 1006 rom
366 943 478 1006 bellom
493 955 633 1004 motuum
646 960 707 1025 pro
726 955 907 1023 argomento
921 963 1062 1006 sumente
1089 956 1120 1006 et
1138 945 1257 1029 partim
1272 942 1364 1022 igno·
1467 951 1468 1020 ξ

278 1044 395 1116 rancia,
414 1063 519 1104 rernm
546 1053 725 1122 gestarum,
758 1043 877 1126 partim
908 1044 1012 1123 gratio
1040 1055 1191 1128 correpto
1214 1043 1364 1116 veritato,
1467 1029 1468 1050 ¹

277 1163 314 1204 cc
348 1145 422 1204 totis
445 1141 567 1204 viribus
594 1142 681 1202 coiret
708 1142 742 1202 in
764 1139 881 1224 sebnia
908 1140 1174 1204 comminiscendo
1197 1141 1363 1224 mentiens,

278 1238 395 1302 deinde
411 1239 523 1302 ordine
539 1240 585 1301 ad
602 1239 730 1316 beilum,
758 1237 847 1323 qood
860 1251 970 1302 nostro
987 1241 1137 1301 memorio
1156 1251 1268 1301 contro
1283 1237 1365 1298 Can-

278 1353 462 1400 tocuzenum
481 1340 655 1402 cxcitatum
685 1352 748 1418 est,
784 1359 969 1424 progressus
979 1383 993 1412 ,
1028 1351 1093 1400 tum
1113 1337 1178 1400 aiio
1202 1337 1365 1421 comploro
1468 1319 1469 1354 ³

278 1439 406 1500 crimini
427 1437 484 1499 dat
493 1481 505 1510 ‚
534 1439 718 1510 servitutes,
746 1437 879 1510 coedes,
905 1437 1153 1510 tmtcidotiones‚
1182 1434 1366 1519 populatio-

175 1532 178 1540 *
278 1557 334 1598 nes
343 1581 357 1610 ,
387 1549 418 1598 et
442 1551 641 1622 quoscunque
662 1538 811 1600 Romanis
828 1556 887 1620 per
907 1535 946 1597 id
971 1535 1087 1601 bellum
1111 1535 1255 1596 luctuoso
1280 1531 1364 1593 inci·

279 1617 854 1709 oerun1,ottatnnoem.·zum'0o
880 1655 1018 1698 monn
1046 1633 1235 1699 commeo
1261 1632 1364 1713 inpe-

282 1735 432 1818 riaiicque
452 1733 583 1817 fastigii
611 1732 789 1819 cupidinem
814 1729 972 1798 melorum
997 1733 1127 1796 iliorum
1151 1733 1270 1795 nuum
1289 1729 1365 1790 du·

278 1835 366 1899 :cisse
389 1835 542 1897 rationem
568 1830 717 1914 affirmat.
760 1834 966 1910 illudentem
988 1831 1237 1894 Contoeuzcnom
1257 1829 1363 1916 potis-

280 1938 392 1994 sinmm
416 1933 545 1995 vellicat
572 1946 602 1996 ct
625 1935 866 2012 corciacum,
900 1932 989 2018 quod
1009 1933 1178 2004 mentitur,
1199 1951 1287 2006 enm,
1308 1927 1367 1990 ad·

280 2035 341 2094 icoc
358 2033 480 2094 vivente
495 2032 703 2108 Andronico,
743 2034 871 2117 ἰιιιρενίἰ
887 2033 1021 2096 Romani
1039 2030 1130 2112 longe
1148 2026 1368 2115 appetentissi-

280 2152 365 2193 mum
373 2175 385 2205 ,
422 2151 492 2193 cnm
514 2131 553 2192 id
569 2135 693 2216 assequi
710 2153 774 2195 non
798 2145 927 2216 posset,
956 2130 1002 2192 od
1024 2131 1192 2194 monachos
1209 2131 1243 2190 in
1261 2129 1368 2189 monte

279 2231 383 2303 Atto,
413 2233 469 2314 qni
498 2233 565 2293 oiri
591 2233 693 2294 sancti
727 2245 757 2294 et
783 2256 803 2294 o
822 2233 892 2294 Deo
917 2230 1040 2313 qfflcti,
1061 2227 1249 2312 futurorum
1271 2247 1370 2311 proe-

279 2331 455 2392 scnsionem
470 2331 584 2394 babere
599 2331 842 2410 indicabantur,
868 2329 1047 2415 profectum
1062 2349 1150 2402 esse,
1172 2325 1213 2388 de
1226 2321 1369 2408 futuris,

281 2442 312 2490 et
334 2451 375 2502 on
394 2430 440 2492 ad
459 2451 493 2492 ce
511 2431 684 2495 Romarmm
711 2433 876 2517 imperium
900 2441 1135 2524 perventurum
1149 2439 1252 2500 esset,
1288 2443 1370 2509 pcr-

281 2542 500 2592 cunctoturum
527 2544 584 2596 etc.
629 2533 774 2596 Attamen
797 2534 862 2594 ficri
888 2543 1005 2616 potest,
1033 2539 1070 2591 ut
1082 2529 1232 2610 Gregoras
1245 2525 1285 2586 de
1298 2543 1369 2584 mo-

278 2628 366 2690 ribus
391 2629 559 2694 Andronici
585 2633 735 2717 quaedam
749 2655 812 2695 non
832 2653 961 2716 prorsus
970 2629 1055 2692 fatm
1059 2627 1191 2702 scribat,
1213 2635 1243 2686 et
1258 2643 1294 2684 ee
1307 2643 1367 2683 no-

280 2737 416 2790 sterant
436 2736 512 2793 tenti
531 2753 594 2794 non
620 2735 757 2796 aestimet
787 2735 911 2816 simque
933 2730 1082 2792 iuventuti
1095 2721 1292 2788 condonanda
1306 2743 1368 2802 pu-

279 2836 343 2888 tet:
374 2829 626 2912 auidissimulet,
647 2845 679 2896 et
699 2833 732 2894 id
752 2835 902 2895 etnioitiee
921 2828 1065 2914 singulari
1091 2825 1216 2888 som&
1237 2820 1369 2900 ffibflflto

280 2923 319 2988 de
332 2949 394 3010 quo
415 2931 448 2990 in
471 2931 559 2993 Notis
581 2953 637 2994 suo
662 2932 729 2996 loon
752 2933 933 2996 videbimus.
998 2947 1011 2996 ·,

364 3029 429 3090 lam
443 3028 482 3090 de
497 3030 689 3120 excellentie,
711 3033 824 3110 ΐιίιοτιι,
845 3031 993 3112 elegantia
1022 3037 1053 3088 et
1072 3022 1256 3090 ommfflfiss
1268 3019 1372 3082 histn-

282 3127 346 3186 riae
359 3125 451 3188 huius
465 3130 539 3210 quid
564 3151 619 3211 ego
641 3132 714 3190 satis
729 3131 855 3212 dignum
868 3132 1122 3190 commemorem?
1163 3125 1246 3186 lnter
1259 3141 1371 3182 recen·

279 3226 373 3286 tiores
387 3226 510 3307 quidem
523 3249 627 3289 rerum
642 3231 848 3308 Graecarum,
869 3249 923 3290 seu
936 3229 1170 3312 Byzantinos-om
1190 3224 1371 3303 scriptorffln

280 3333 316 3383 ut
325 3336 396 3386 sunt
406 3327 554 3406 Zonaras,
574 3327 716 3410 Nicetes,
752 3329 930 3408 Cedrenus,
958 3327 1073 3407 etalii,
1100 3345 1169 3387 meo
1191 3321 1315 3405 quidem
1337 3327 1376 3380 et

281 3423 483 3503 quorumdem
495 3425 573 3487 bene
586 3425 789 3490 litteratorum
803 3429 914 3491 iudicio
925 3427 976 3490 hio
990 3429 1103 3510 primes
1114 3433 1213 3486 tenet:
1228 3417 1375 3482 videtur-

280 3543 341 3604 que
361 3522 443 3585 solus
465 3524 623 3606 didicisse,
644 3549 706 3610 quo
725 3541 813 3612 pecto
827 3529 868 3590 nd
883 3529 1005 3592 laudem
1026 3521 1250 3588 accommodate
1262 3529 1376 3580 conte-

280 3621 377 3682 xendo
386 3625 425 3684 sit
432 3623 569 3687 historie.
586 3617 685 3708 Mira,
694 3628 1103 3709 nova‚inaudita,inusitan‚
1112 3617 1299 3682 occultorum
1308 3617 1376 3676 Dei

281 3721 463 3784 iudiciorum
476 3723 578 3806 plene,
590 3729 728 3810 grandia,
743 3729 872 3792 illustria
884 3727 980 3789 mults
989 3725 1039 3786 hic
1049 3731 1254 3786 recensennm.
1274 3717 1332 3794 Et,
1344 3717 1377 3776 si

281 3819 407 3884 historie
417 3823 507 3886 debet
519 3845 583 3886 esse
592 3828 738 3910 prudens,
751 3841 843 3913 atque
851 3839 957 3891 ometo
967 3846 1069 3888 renim
1078 3821 1246 3906 explicatio,
1255 3827 1376 3878 neutra

280 3921 377 3980 virtus
392 3924 424 3981 in
438 3922 495 3984 hec
509 3924 715 3992 desideratio:
738 3952 815 4012 quae
829 3929 904 3990 mihi
922 3945 1039 4012 semper
1053 3925 1149 3986 avico
1162 3917 1375 3993 nobilissimo,

280 4029 312 4078 et
323 4019 442 4102 ingenio
459 4023 704 4090 excellentissimo
719 4031 956 4110 suavissimoque
963 4017 1272 4106 visaestprossuxisse·
1289 4013 1376 4076 Pru·

281 4116 382 4182 dentis
396 4121 535 4201 militetis
548 4137 641 4210 etque
654 4128 750 4190 civilis
759 4141 822 4191 tam
833 4129 939 4192 eximia
949 4127 999 4190 hic
1011 4123 1120 4202 elucet,
1148 4130 1183 4182 ut
1192 4117 1376 4198 civitatum,
