2830 4870
323 271 399 326 ιιι
459 221 465 228 ’
709 259 986 332 musicorum

95 432 103 444 ·
170 427 201 482 Δ.
210 429 307 486 cuius
319 418 418 504 ἡδέως
430 411 644 502 περιπεσόντα,
654 407 908 504 ὥστ’ἆλόστορος
924 409 981 478 sui
993 409 1191 498 πατροφόνου
1208 407 1365 488 διλαςποῑσι

312 525 377 591 τοῖς
395 514 453 600 ὑφ’
466 507 554 599 ήλιον
569 509 713 596 όφειλειν.
735 505 787 575 ὅτε
803 509 908 574 τοένυν
924 512 987 578 τών
1004 507 1218 574 καταλυόντων
1232 507 1300 583 τούς
1318 531 1365 572 πο-

312 618 425 694 λέμους
443 609 481 677 τό
496 612 555 693 μὲν
570 610 645 694 ήμῖν
668 607 817 692 περίεστι,
838 604 873 671 τό
890 609 920 672 δ’
935 609 970 672 έν
982 601 1131 690 εύτυχέας
1144 609 1274 695 μεγίστῳ
1289 608 1365 690 μέρει

311 710 356 797 μή
378 717 524 795 παρεῖναι
543 710 597 772 κατ’
613 707 742 792 προσέτι
758 703 921 790 πρόσεστιν
937 696 1060 770 εύκλεια
1076 713 1140 780 τοῖς
1155 707 1363 790 πραττομένοις,

300 812 507 875 ’καταθέσθαι
527 803 582 870 τόν
599 802 733 885 πόλεμον
748 803 903 888 προσήκει.
924 801 985 890 ,ἔτι
1001 805 1036 868 δὲ
1054 803 1122 867 οὔδ’
1137 796 1176 866 δν
1191 793 1380 888 εύφρονούν-ἷι

272 893 276 898 ’
309 932 374 972 των
393 907 568 992 ἀνθρώπων
583 900 671 989 ἔργον
687 899 843 987 πράξομεν
856 899 900 984 μή
917 897 1103 983 βουλόμενοι
1117 898 1168 965 τὸν
1180 898 1307 982 πόλεμον
1322 922 1367 960 κα.

312 1002 455 1071 ταλύειν.
486 1004 515 1067 εἰ
535 1003 594 1084 μὲν
617 998 674 1086 γὰρ
699 1001 754 1064 νῦν
773 996 955 1076 ἐπελθόντες
973 999 1229 1084 παραληψόμεθα
1250 995 1303 1081 τήν
1322 991 1368 1058 πό-

313 1109 372 1185 λιν,
393 1103 485 1166 πλέον
503 1103 562 1182 μὲν
580 1097 672 1164 ούδὲν
688 1088 731 1162 ὧν
752 1102 808 1164 νῦν
831 1095 944 1181 ἔχομεν
968 1097 1051 1182 ἔχειν
1072 1099 1208 1176 ἐξέσται·
1230 1092 1251 1161 δ
1268 1098 1296 1158 δ’
1309 1092 1368 1176 ἔχο-

287 1217 377 1284 ομεν
397 1203 466 1280 μετ’
489 1195 630 1272 εύκλεέας
653 1193 719 1279 ἅμα
746 1198 799 1262 κατ’
815 1195 1014 1281 δικαιοσύνης
1037 1197 1091 1260 κατ’
1109 1197 1262 1280 πατρικῆς
1280 1187 1370 1275 εύχής,

316 1295 470 1383 ἁρπάζειν
485 1295 539 1359 καί
554 1295 674 1360 α’δίκεΐν
694 1293 748 1359 κατ’
770 1293 940 1376 μονονουχὶ
952 1302 1172 1379 πατροκτονεῖν
1192 1290 1397 1376 ἔχονταςδο-10

310 1405 383 1476 κεῖν,
403 1393 418 1460 ὃ
437 1393 724 1480 παραφρονούντων
737 1385 757 1478 ή
770 1394 966 1480 φρονούντων
986 1386 1025 1456 όν
1040 1389 1099 1476 εἴη.
1121 1392 1207 1477 εἴπερ
1227 1393 1262 1456 δὲ
1278 1383 1311 1454 ού
1326 1391 1372 1452 δυ-

309 1493 470 1586 νησόμεθα
491 1495 694 1578 παραλαβεῖν,
714 1488 794 1576 πρός
811 1493 854 1578 spi
866 1493 960 1556 πᾶσιν
977 1487 1154 1575 όνθρώποις
1169 1484 1336 1570 μισεῐοδαό
1346 1507 1372 1548 τε

309 1594 364 1657 καί
387 1590 617 1673 διαβάλλεσθαι
643 1591 786 1670 δικαίως,
819 1585 865 1654 ότι
888 1587 967 1674 πρός
984 1587 1111 1674 εἰρήνην
1129 1583 1373 1674 προκαλούμενοι,

308 1690 413 1780 ἆδικέρι
428 1688 483 1754 καὶ
496 1687 652 1776 πλεονεξίᾳ
662 1684 785 1772 γνώμης
802 1687 863 1770 ούχ
877 1684 1105 1772 ὑπηκούσαμεν·
1122 1687 1179 1750 καί
1193 1681 1270 1771 πρὸς
1283 1677 1373 1748 κινδύ-

307 1813 381 1864 νους
395 1785 565 1870 ἀνονήτους
580 1782 710 1861 ἑαυτούς
725 1784 954 1868 όποβαλούμεν,
975 1787 1031 1849 καί
1045 1787 1176 1860 πολλαῖς
1201 1780 1309 1848 πόλεσι
1331 1773 1401 1842 sciri

306 1886 429 1971 χώραις
446 1883 541 1949 αἴτιοι
559 1879 820 1968 καταστησόμεθα
837 1887 940 1947 κακῶν
958 1883 1151 1968 ἀνηκέστων(
1162 1883 1284 1948 τούτων
1301 1882 1374 1942 ἓνεκα

307 1979 402 2058 αύτός
420 2006 452 2046 τε
468 1977 647 2064 ἀσπάζομαι
660 1980 717 2065 τήν
730 1979 808 2066 πρός
822 1983 954 2064 βασιλέα
972 1980 1105 2067 εἰρήνην,
1124 1985 1181 2046 καί
1205 1981 1284 2062 ύμῖν
1299 1985 1376 2042 λυσι-

307 2088 405 2147 τελεῖν
418 2082 552 2161 νομιζων
564 2075 831 2161 συμβεβούλευκα.
867 2076 978 2144 ἔσεσθε
990 2075 1050 2164 γόρ
1075 2076 1282 2167 ἀπειληφότες
1298 2075 1375 2152 δόξαν

273 2180 439 2266 Βόνδρόας
456 2174 524 2259 ἅμα
541 2175 597 2242 καί
610 2176 809 2262 δικαιοσύνης
824 2179 878 2242 καλ
893 2177 1107 2264 σωφροσύνης,
1122 2173 1302 2260 όπλοιςμέν
1313 2197 1377 2257 κρα-

307 2280 456 2364 τήσαντες
469 2279 530 2340 τών
547 2276 810 2358 ἀντιτεταγμένων
824 2273 880 2340 καί
892 2272 948 2351 τός
960 2273 1084 2358 γνώμας
1098 2275 1401 2362 παραστησόμενοιβῠ

307 2373 501 2456 ἀμυνόμενοί
513 2386 546 2437 τε
565 2372 642 2458 ὑπὲρ
658 2376 714 2438 τοῦ
732 2372 854 2438 δικαίου
872 2372 927 2437 καλ
942 2373 999 2437 oris
1015 2371 1107 2438 αύτοό
1120 2369 1315 2454 ἀδικοῦντες,
1335 2370 1378 2431 κατ’

305 2476 349 2560 τῷ
364 2470 408 2556 μή
426 2472 504 2556 ὑπὲρ
525 2467 564 2534 τύ
587 2471 702 2554 μέτρια
716 2481 843 2558 φρονεῖν
862 2473 943 2556 μηδὲ
959 2479 1029 2546 ταῖς
1042 2471 1208 2554 εύτυχιάις
1223 2469 1376 2558 φυσᾶσδαι

304 2569 363 2656 τήν
379 2567 583 2657 σωφροσύνην
596 2569 872 2651 ἐπιδεικνύμενοι.”
917 2572 1053 2634 Τοιαῦτα
1068 2571 1126 2634 τού
1141 2573 1218 2636 νέου
1235 2567 1378 2653 βασιλέως

376 2741 414 2777 ιι.
434 2723 513 2778 ἴσως·
531 2717 601 2780 ὅλως
617 2719 842 2790 δφρονοόντων,
866 2721 910 2774 vel
924 2723 1016 2792 potius
1034 2728 1098 2774 ante
1113 2717 1132 2788 ή
1148 2725 1251 2792 potuit
1269 2735 1325 2774 esse
1340 2730 1378 2766 tt·

374 2794 436 2846 cus
452 2793 568 2864 pessos.
606 2791 664 2846 uu.
681 2793 710 2844 ο.

304 2913 364 2977 bus,
380 2929 429 2983 pro
451 2913 631 2966 conscelerate
646 2918 675 2963 et
688 2911 820 2979 parricida
839 2908 1012 2970 condemner.
1048 2910 1167 2982 Quando
1185 2913 1276 2982 igitur
1291 2922 1379 2964 eorum,

305 3001 375 3055 quus
389 2984 462 3035 bello
483 2999 511 3035 so
534 2983 615 3036 iendo
633 2980 747 3044 iaciunt,
766 2983 864 3051 purtim
882 2981 992 3052 quidem
1006 2998 1089 3050 penes
1104 2999 1154 3034 uos
1171 2991 1257 3044 suut,
1276 2979 1379 3030 adsurr-
1407 3003 1408 3030 ι

304 3071 378 3105 mnus
400 3061 490 3104 nutem
512 3001 649 3104 ielicimu's
673 3051 782 3119 gradum
796 3069 851 3102 uon
870 3052 1025 3120 pervenisse
1043 3054 1124 3103 etism
1143 3054 1267 3122 iusuper
1284 3047 1380 3102 leudem

304 3123 382 3174 fectis
401 3125 493 3184 effert,
518 3121 552 3171 ub
573 3122 652 3173 ermis
673 3119 797 3172 recedere
819 3139 868 3172 nos
891 3121 1026 3173 convenit.
1062 3121 1144 3192 Quod
1162 3123 1189 3174 si
1213 3123 1381 3174 uoiueumus

305 3189 490 3260 imprudenter
511 3206 542 3240 sc
558 3191 641 3242 stulte
664 3189 784 3246 iacimus.
819 3190 847 3258 Si
867 3193 939 3248 euim
963 3207 1037 3244 nunc
1059 3190 1155 3243 urbem
1185 3192 1345 3244 adoriamur
1359 3191 1381 3236 et

306 3275 481 3328 occupemus,
512 3258 600 3311 nibiio
628 3258 688 3326 plus
714 3257 892 3324 babebimus,
923 3279 1002 3332 quum
1029 3277 1101 3312 nuuc
1127 3258 1271 3315 hahemus
1316 3259 1382 3328 Qut!

306 3338 398 3382 sutum
416 3329 550 3400 gloriose,
567 3331 655 3390 iuste,
672 3344 731 3378 cum
751 3331 870 3395 paternis
888 3333 958 3382 votis
975 3329 1120 3392 babemus,
1150 3347 1186 3382 ea
1205 3349 1259 3400 per
1278 3333 1382 3401 rapinas

308 3401 422 3451 iniurius
439 3406 468 3451 et
484 3405 589 3450 tentum
605 3415 661 3450 non
675 3413 723 3466 per
739 3399 913 3465 parricidium
932 3399 1033 3454 babere
1051 3400 1207 3453 existimari
1227 3403 1316 3464 velle,
1339 3398 1382 3449 δοῦ

308 3485 371 3522 vero
389 3467 513 3538 desipere
534 3485 565 3520 uc
583 3468 699 3522 delirare
717 3476 765 3520 est.
802 3469 831 3521 Si
848 3487 979 3539 occupare
997 3488 1053 3524 non
1069 3471 1246 3540 poterimus,
1273 3479 1384 3544 practer·

309 3541 389 3610 quum
410 3537 483 3609 quod
501 3538 530 3591 in
548 3541 669 3592 omnium
686 3538 749 3591 odia
766 3539 964 3610 calumniasque
986 3543 1170 3602 incurremus,
1201 3545 1275 3612 quia
1294 3543 1326 3596 sd
1343 3555 1382 3608 pt-
1407 3555 1408 3594 λ

309 3627 366 3662 cern
390 3609 515 3672 invitati,
543 3608 716 3677 improbitate
734 3616 762 3659 et
778 3608 907 3678 cupidine
925 3611 1025 3662 irretiti
1045 3613 1286 3677 recusaverimus,
1313 3609 1383 3662 ctisu
1407 3613 1408 3674 j

308 3680 338 3732 in
356 3679 514 3731 discrimine
531 3679 590 3730 sine
613 3679 669 3730 ullo
688 3678 775 3730 fructu
793 3697 842 3730 uos
862 3681 1051 3742 coniiciemus,
1093 3680 1255 3752 multisque
1282 3681 1385 3735 urbibus
1407 3709 1408 3738 ,

272 3801 277 3812 ,
308 3758 337 3802 et
353 3747 508 3818 regionibus
531 3747 633 3802 cladem
655 3756 813 3817 pestemque
831 3750 988 3802 creabimus.
1024 3749 1073 3802 His
1090 3749 1258 3804 rationibus
1280 3769 1328 3822 ego
1342 3753 1384 3800 im·
1407 3747 1408 3778 λ

307 3820 415 3888 pulsus,
433 3835 527 3888 pacem
542 3834 602 3869 cunr
626 3836 674 3870 svo
695 3819 954 3901 complector,esm
976 3835 1009 3872 ue
1032 3819 1108 3871 vobis
1128 3827 1282 3892 tamquam
1300 3821 1385 3874 uriten
1407 3795 1408 3862 λ

307 3887 424 3941 suadeo:
444 3905 506 3940 uum
521 3907 537 3940 ε
554 3887 733 3952 fortitudine,
753 3890 899 3941 institisset
915 3839 1100 3942 miseratione
1114 3889 1386 3946 emendabimini.-
1407 3877 1408 3926 λ

307 3958 345 4021 si,
362 3975 422 4009 cum
438 3957 603 4010 adversarios
620 3959 698 4010 ermis
710 3957 884 4027 subegeritis,
901 3977 973 4012 nunc
990 3960 1044 4027 ipsi
1060 3960 1164 4010 animos
1185 3971 1299 4016 vestros
1318 3959 1384 4012 subi·
1407 3933 1408 4018 λ

306 4028 390 4097 gatis,
413 4035 442 4080 et
464 4045 512 4098 pro
532 4029 590 4079 iure
608 4030 797 4097 propugnetis‚
820 4045 875 4080 uon
893 4031 945 4098 ipsi
962 4029 1092 4082 iniurium
1111 4029 1268 4086 inferetiss
1292 4041 1387 4086 vestro-
1407 4041 1408 4114 η

306 4113 359 4168 que
376 4113 423 4150 vos
440 4098 511 4167 pede
526 4097 685 4160 metientes,
700 4107 750 4149 nec
767 4098 932 4152 successibus
952 4100 1183 4162 intumescentes,
1213 4103 1342 4156 modeste
1362 4113 1386 4149 ιε
1407 4121 1408 4142 ι

271 4201 274 4206 -
307 4166 447 4221 summisse
463 4183 508 4222 ros
527 4167 632 4240 geretis.
667 4167 720 4222 Ubi
736 4166 805 4222 hacc
821 4185 871 4240 pro
890 4185 958 4240 prce
977 4168 1126 4242 disputarit
1138 4167 1326 4246 imperetur,
1347 4185 1386 4226 cs·
1407 4159 1408 4190 ¹
