2830 4870
385 297 666 366 nistotutnun
695 305 721 366 t.
751 305 801 374 16.
1101 297 1151 382 77
1215 359 1219 370 .

84 459 153 522 λίαν
169 451 224 522 ἐπί
238 453 294 538 τῆς
305 449 392 539 διλιης
408 452 552 519 ἐνταῦθα
570 451 757 538 ἐτελεύτησε·
779 447 855 518 δυσί
869 451 904 516 δὲ
921 443 1052 538 ὕστερον
1070 450 1216 536 ἠμί-ΜΣ.
1230 465 1294 522 ιλιι

82 579 148 640 ραις
171 551 249 636 μετά
278 555 370 620 τοῦτο
398 551 417 616 d
444 553 652 640 πρεσβύτερος
682 554 744 617 τῶν
772 552 926 634 βασιλέων
953 553 997 640 τῷ
1026 548 1152 638 μεγάλῳ

83 653 131 718 διά
147 675 227 728 τινος
235 653 329 736 δηλοῖ
347 649 516 740 depromitur
532 649 612 736 πρὸς
631 646 872 734 Πελοπόννησον
892 641 1047 728 άπελθεῑν,
1072 647 1154 714 teet-

83 774 131 835 νης
144 747 420 836 ἐπιτροπεύσοντα.
439 747 474 814 τὸ
489 751 519 814 δ’
532 743 634 826 sidric
654 745 757 814 ἐδόκει
775 749 836 830 μὲν
853 741 1011 814 εἶναιτῶν
1030 741 1156 832 άριστε-

67 845 140 934 δρδν
159 849 295 914 οιίυνῶν·
312 840 395 924 ὅπως
409 849 439 912 δ’
459 839 609 933 άνσιιαχῆ
623 850 758 933 γένηται,
775 848 831 914 καί
841 849 971 930 βασιλεῖ
981 846 1024 932 τῷ
1036 845 1094 934 νέῳ
1114 843 1153 910 τά

83 951 131 1030 τῆς
143 944 288 1030 οἷγγελίας
308 948 389 1030 δῆλα
407 948 573 1030 γενέσθαι,
605 939 797 1030 άντεμηνυσε
823 942 879 1008 καί
900 937 995 1020 αὐτὸς
1011 946 1154 1008 τοιαῦτα·
1244 944 1249 956 ’

80 1047 149 1128 ,τῆς
168 1046 215 1122 εἰς
246 1044 303 1126 ἐμὲ
327 1038 488 1126 εὐμενείας
509 1042 565 1110 καί
585 1040 789 1132 προμηθείας,
809 1035 838 1108 ά
862 1045 1004 1126 βασιλεῦ,
1036 1039 1153 1116 πολλάς

79 1145 132 1224 μὲν
149 1141 203 1208 καί
217 1135 317 1219 duae
333 1140 397 1225 ἔχοι
422 1140 479 1221 τάς
497 1143 690 1226 ἀποδείξεις,
710 1137 847 1225 μάλιστα
864 1143 900 1207 δὲ
914 1139 948 1206 τδ
968 1143 1002 1220 ἐξ
1018 1139 1152 1227 ἡλικίας,

81 1235 119 1316 sir
133 1241 242 1323 εἰπεῖν,
263 1237 389 1328 πράτης
401 1243 445 1318 είς
463 1235 565 1328 άρχάς
577 1243 759 1326 ἐκλέγεσθαι
773 1240 829 1306 καί
843 1242 1008 1326 διοικήσεις
1028 1242 1152 1325 ἐπιτρέ-

48 1354 143 1402 ιοπειν
156 1337 272 1404 πόλεσίν
288 1363 324 1404 τε
338 1337 393 1404 καί
407 1343 579 1426 πρασιῶν,
601 1338 724 1406 οἴκοθεν
742 1335 936 1426 άρμημίνον·
956 1337 1012 1404 καί
1024 1335 1060 1405 εδ
1084 1342 1140 1406 νῦν
1148 1351 1173 1404 Ρ.
1188 1351 1219 1404 5ι

82 1437 114 1499 δὲ
130 1439 216 1502 τοῦτο
234 1435 354 1514 πολλάς
367 1439 409 1527 τῷ
429 1440 474 1526 opi
494 1438 602 1527 κράτει
621 1437 725 1504 πειθει
735 1435 873 1526 χάριτας
891 1437 1070 1524 ὁμολογεῖν,
1089 1442 1151 1522 βα-

79 1537 164 1600 σιλεῦ.
184 1537 297 1619 δέομαι
311 1533 351 1622 δὴ
367 1539 422 1602 καί
435 1535 553 1622 ταύτην
567 1539 726 1602 ἐπιθεῖναι
741 1535 796 1622 τὴν
821 1533 937 1622 χάριν,
957 1536 1015 1622 τὴν
1030 1539 1150 1624 παροδ-

78 1655 130 1698 ισν
147 1637 318 1722 ἐπιτρέψαι
340 1633 421 1722 πρὸς
440 1632 605 1719 διάσκεψιν
626 1636 758 1722 ἡμέραν,
784 1631 827 1712 αῖς
849 1637 883 1712 tr
904 1635 961 1720 τὴν
981 1635 1151 1722 ὑστεραίαν

75 1731 269 1817 ἕπιτίταγμαι
280 1733 338 1820 την
353 1734 522 1819 α’πολογιλιν
538 1735 757 1810 α’ποδοδσοντι.”
771 1729 851 1821 πρδς
866 1737 927 1816 μὲν
946 1731 986 1820 δὴ
1006 1731 1060 1800 τδν
1072 1757 1150 1819 πρε-

47 1829 292 1920 ιόσβάτεροντῶν
308 1832 665 1920 βασιλέωνάπειιριθατο
680 1827 856 1923 τοιαῦταῇ
870 1836 904 1900 δὲ
915 1832 1040 1916 τάχους,
1054 1832 1151 1896 άπελ-

75 1927 133 1994 ests
155 1929 238 2018 πρὸς
264 1929 320 1998 τάν
344 1936 414 2000 νέον
426 1979 437 2014 ,
457 1929 493 1998 τδ
517 1934 576 1998 rosi
596 1933 751 2016 βασιλέως
774 1933 932 2016 ἐπίταγμα
957 1925 1149 2015 διαγγέλλει,

76 2029 121 2093 ut
138 2029 325 2117 Συναδηνοό
349 2029 506 2118 παρόντος
524 2033 580 2100 τοῦ
603 2029 893 2118 πρωτοστράτορος.
914 2039 978 2108 ταῖς
1000 2033 1030 2096 δ’
1048 2028 1149 2096 ἐδόκεε

72 2130 232 2207 δουλευτέον
252 2128 350 2197 πάλιν
369 2132 403 2210 ἐξ
426 2130 528 2216 ἀρχῆς
546 2125 629 2198 εἶναι
655 2128 729 2216 περί
750 2133 813 2196 ταῖν
837 2125 917 2196 ὅλων
936 2127 1142 2216 πραγμάτων·

72 2219 135 2290 οὐδὲ
156 2225 219 2314 γάρ
240 2226 324 2314 πρὸς
346 2231 403 2296 ἕνα
432 2229 541 2316 φέρειν
565 2225 621 2294 τδν
645 2229 808 2312 κίνδυνον,
843 2226 922 2314 πρὸς
948 2226 1064 2302 πάντας
1092 2229 1147 2290 δι’.

39 2315 141 2408 rosim
161 2327 198 2390 dd
216 2323 234 2390 δ
252 2325 406 2411 βασιλευς,
419 2331 474 2413 τῆς
488 2331 604 2414 βουλῆς
622 2321 706 2394 οὕτω
722 2327 912 2412 διαλεχθείς·
931 2323 1047 2409 ,αὐτοί
1059 2320 1169 2409 μάρ-Β

71 2445 152 2506 τιρες
178 2421 270 2509 ἡμεῖς
286 2425 523 2511 ναθεστήκαμεν
542 2421 678 2510 ἑαυτοῖς,
700 2423 824 2510 ἔχοντες
847 2424 904 2490 καί
925 2421 1011 2506 θεὸν,
1034 2423 1087 2510 ἐφ’
1101 2415 1150 2498 οἷς

67 2523 305 2605 βεβουλεύμεθα,
326 2521 491 2590 συνειδότα
498 2575 508 2607 ,
529 2521 572 2602 ὥς
595 2517 667 2590 οὔθ’
692 2525 878 2610 ἡττηθέντες
899 2524 996 2612 λύπη,
1017 2515 1085 2587 οὔτ’
1102 2519 1148 2585 εἴ-

69 2619 166 2696 ξαντες
182 2622 302 2710 αἰιαίρηι
314 2622 429 2709 θράσει
444 2621 685 2713 ιιαίπαραβάλρι,
706 2615 773 2688 οὔτ’
787 2621 966 2710 ἐπράξαμεν
981 2613 1147 2699 οὔτ’ἐβουε

135 2725 171 2790 ιλ,
191 2723 261 2795 Lege
281 2713 322 2778 uir
342 2725 547 2798 δπιτέταγμαι,
566 2733 599 2779 ut
625 2741 720 2780 sensus
737 2726 797 2778 loeo
819 2734 935 2782 constet.
985 2723 1022 2777 15·
1040 2721 1145 2792 τάχους

135 2799 248 2859 correxi,
270 2813 331 2848 eum
348 2797 428 2867 vulgo
448 2805 520 2850 esset
537 2797 632 2866 τάχος.

68 2873 165 2932 libavit
196 2881 234 2934 λε
253 2881 447 2952 imperatorum
466 2883 577 2953 quidem
599 2883 634 2935 lis
660 2888 688 2934 et
703 2881 885 2935 controversie
904 2883 933 2932 in
950 2879 1053 2933 indicio
1071 2877 1145 2934 huno

67 2947 141 3000 finem
159 2951 229 3004 tutte
267 2953 362 3006 Tertio
383 2962 446 3023 post
464 2953 509 3006 die
528 2953 619 3004 senior
637 2969 734 3022 magno
750 2951 900 3004 domestico
914 2967 964 3020 per
975 2959 1079 3002 certum
1090 2949 1145 3002 ho-

66 3019 161 3072 ninem
185 3023 312 3086 mandat,
337 3025 417 3076 utin
442 3025 676 3094 Peloponnesum,
697 3022 724 3073 ei
748 3019 930 3092 praefuturus,
949 3019 1088 3073 diseedets
1113 3019 1146 3072 id

65 3089 133 3155 quod
148 3095 238 3144 statim
257 3110 307 3164 pro
326 3094 437 3146 sinistro
457 3093 569 3164 augurio
587 3093 647 3146 fuit.
690 3091 744 3144 Sed
765 3108 819 3162 quo
840 3107 882 3142 res
900 3091 1034 3160 tantisper
1053 3099 1145 3144 extra·

64 3153 183 3224 iteretur,
210 3163 276 3216 dum
295 3181 376 3234 super
394 3163 445 3218 hoe
462 3163 590 3216 mandato
608 3180 693 3234 nepos
712 3163 812 3216 certior
830 3163 926 3226 fieret,
947 3161 1015 3214 haee
1034 3161 1076 3214 illi
1094 3178 1145 3232 per

65 3227 254 3285 internuntium
274 3233 427 3303 respondit:
447 3237 505 3286 eius
519 3251 580 3304 erga
593 3250 620 3286 se
632 3233 842 3286 benevolentiae
858 3249 993 3304 curaeque
1009 3248 1070 3284 eum
1088 3233 1144 3286 ulia

64 3311 114 3348 non
132 3301 199 3354 lesia
217 3311 374 3374 argumenta
395 3304 515 3373 proferre
533 3320 631 3374 posse,
660 3311 718 3355 tum
743 3304 813 3356 iliud
836 3301 977 3372 inprimis,
1002 3303 1077 3373 quod
1098 3303 1145 3355 ul-

65 3373 104 3416 tm
121 3379 146 3423 et
161 3389 210 3426 sua
229 3383 327 3444 sponte
344 3373 399 3426 sibi
416 3389 505 3441 paene
523 3373 612 3426 adhue
628 3389 713 3444 puero
732 3375 902 3442 magistratus
925 3371 1055 3436 dedisset,
1073 3373 1143 3426 eivi-

68 3441 129 3490 tates
145 3451 172 3496 et
189 3443 324 3498 exereitus
340 3461 368 3496 re
386 3443 471 3496 endor
491 3443 687 3497 commisisset·
718 3445 753 3498 Et
770 3441 823 3496 hoe
841 3445 943 3513 ipsum,
965 3443 1040 3515 quod
1058 3442 1141 3496 modo

65 3505 212 3576 imperaret,
239 3513 275 3566 ed
293 3515 370 3582 singu
384 3530 443 3566 ures
473 3514 558 3583 ipsius
581 3514 716 3566 maiestati
741 3515 840 3584 gratius
861 3513 976 3596 agendus
1001 3515 1141 3566 stimulum

62 3575 113 3628 ribi
130 3581 235 3636 addere.
279 3585 381 3654 Rogare
399 3591 507 3645 sutem,
526 3581 595 3636 hanc
613 3601 694 3636 unam
715 3584 826 3652 gratiam
844 3583 991 3646 adiiceret,
1009 3600 1140 3653 praesen·

61 3651 110 3697 itm
128 3650 197 3704 diem
219 3652 253 3704 ad
272 3652 480 3706 deliberandum
497 3653 551 3706 sibi
568 3653 743 3707 concederet:
763 3655 880 3706 crastina
898 3651 959 3705 luce
976 3654 1010 3706 de
1025 3652 1141 3704 mande·

59 3716 91 3766 iis
110 3737 305 3790 responsurum.
326 3724 400 3776 Huee
418 3722 453 3776 sd
471 3740 556 3776 avum.
576 3721 616 3776 Ad
636 3732 764 3796 nepotem
782 3739 845 3776 vero
864 3723 923 3774 sine
942 3740 1017 3776 more
1033 3723 1139 3786 obiens,

60 3799 193 3852 praesente
215 3793 296 3844 etiam
320 3801 531 3862 protostratore,
558 3791 626 3864 quid
646 3795 675 3844 iu
699 3791 833 3848 mandatis
858 3795 1009 3862 receperit,
1035 3800 1138 3849 narret.

59 3853 125 3908 Tum
141 3878 195 3924 rem
216 3879 232 3914 ι
250 3863 340 3933 eapite
359 3861 559 3926 arcessendum,
580 3871 608 3915 et
629 3863 664 3916 de
683 3862 788 3934 integro
809 3861 1017 3930 eonsuitundum
1032 3861 1137 3916 videri:

58 3933 232 3996 nequeenim
251 3931 287 3984 ad
306 3949 405 3996 unrrru,
431 3932 480 3986 sed
503 3931 538 3984 ud
561 3948 654 3986 omnes
681 3933 860 3986 communiter
880 3934 1031 4000 perieulum
1049 3933 1139 4004 perti·-

57 4009 126 4048 ttere.
164 4001 279 4054 Initium
298 4001 365 4056 iecit
384 4002 476 4054 iunior
494 4003 658 4072 imperator,
681 4003 796 4075 loquens
820 4002 903 4054 verba
937 4001 1135 4056 huiuscemodi.

58 4061 146 4119 Teates
163 4071 216 4140 ipsi
235 4071 317 4124 nobis
334 4087 425 4124 sumus
445 4080 473 4124 et
491 4071 572 4125 deum
589 4071 720 4126 habemus
736 4073 874 4128 conscium
898 4086 1004 4138 eorum,
1015 4089 1094 4143 ,qrree
1107 4072 1137 4122 in

60 4137 170 4190 ωυίλίλι
182 4141 360 4212 agitavimus:
400 4139 509 4212 uotique
526 4159 577 4194 neo
591 4141 780 4196 moestitudini
792 4145 1007 4207 succumbentes,
1025 4158 1076 4193 neo
1091 4141 1135 4192 iu·

25 4205 32 4220 '
60 4205 226 4274 stupeum
245 4219 275 4266 et
286 4159 505 4268 inconsideratae
520 4210 651 4268 audsoiee
666 4211 811 4278 nectentes,
830 4211 982 4286 quidquam
1002 4213 1135 4268 iniustum
