2918 4846
446 387 865 463 scismatieorum
928 367 937 384 ’
1096 366 1183 472 483

108 545 325 630 succusano.
345 540 478 626 άμέγας
495 546 555 624 μὲν
575 535 633 610 σάν
654 545 835 628 δομέστικος
853 547 983 614 sumito
1001 547 1329 635 nemesis-sunta

108 664 162 710 το·
198 638 318 726 Ἀμοάρ
341 643 385 722 δέ,
405 637 449 718 οἷς
467 632 611 728 ἤκουσεν,
631 643 780 726 εὐτυχίας
799 640 949 726 οάδεμιᾶς
968 643 1093 728 ἐνόμισε
1112 651 1186 714 tsc-

109 743 203 825 τέραν
221 737 278 824 τὴν
297 740 372 824 περί
390 739 621 806 τῶντοιούτων
641 741 801 825 άγγελίαν,
827 740 905 808 ἄλλά
927 739 968 808 τά
987 749 1118 827 μέγιστα
1138 748 1185 812 oi*

109 835 223 917 άμενος
241 830 486 921 adaequassent,
506 839 569 904 ταῖν
589 830 692 904 ἄλλων
711 839 839 904 πάντων
850 839 1017 926 ἀμελήσας,
1037 841 1114 908 κατά
1128 842 1186 920 τάς

88 933 315 1016 5Κλαζομενίκς
333 933 494 1020 γενόμενος
523 942 698 1022 συνεγένετο
718 937 821 1028 αὐτῷ,
857 942 911 1004 καί
939 934 1102 1024 ἀποβάντα
1123 945 1186 1009 τῶν

109 1035 188 1101 νεῶν
207 1031 346 1100 εἶστίασέ
368 1055 401 1100 τε
422 1039 595 1122 φιλοτίμως
622 1037 677 1103 καί
694 1036 810 1124 πολλὴν
836 1041 1012 1119 ἐπεδείξατο
1034 1047 1185 1128 φιλοφροι

107 1130 221 1218 σάνην.
263 1136 318 1200 ἐπί
346 1137 497 1221 τέσσαρσι
522 1137 557 1201 δέ
584 1135 719 1224 ἧμίραις
747 1133 882 1222 ὅμέγας
903 1140 1081 1220 δομέοτικος
1101 1141 1187 1230 αδτῷ

108 1233 358 1318 συνδιατρίψας,
394 1237 523 1316 βασιλεῖ
545 1257 579 1299 τε
598 1233 703 1300 ἔπεισα
728 1241 894 1322 προσέχειν
914 1235 957 1314 oie
979 1234 1109 1326 δεσπότῃ
1132 1240 1186 1304 καί
1193 1250 1214 1311 c

108 1331 172 1394 sois
192 1325 247 1393 ὑπ’
266 1329 375 1419 ἐκείνιρ
396 1331 568 1398 τελούντων
588 1335 751 1420 ἐπιφανῶν
768 1333 939 1416 ‘Propensior
965 1339 1101 1418 νομίζειν
1120 1341 1186 1421 ἕνα,

69 1431 166 1498 ιοκαί
183 1424 287 1516 ἑαυτῷ
305 1432 474 1514 συνέδησεν
494 1425 660 1518 ἀρρήκτοις
680 1430 788 1518 φιλίοις
809 1435 950 1515 δεσμοῖς.
979 1435 1035 1510 τάς
1055 1459 1088 1500 τε
1108 1439 1188 1514 ναῦς

108 1521 243 1614 παρῄνει
263 1530 396 1609 πέμπειν
418 1527 461 1606 τάς
479 1527 611 1613 τάχιστα
629 1533 758 1612 βασιλεῖ
774 1533 910 1622 δεομένιρ
930 1537 1132 1618 συμμαχιίις,
1154 1535 1191 1600 αδ

108 1623 167 1690 καί
183 1626 391 1712 ἐπέμφθησαν
410 1633 477 1710 μετ’
498 1623 535 1692 σά
555 1633 654 1694 πολιί.
694 1628 749 1696 καί
770 1634 1026 1719 Φιλαδελφεινσῖς
1046 1636 1188 1699 ἐκέλευσε·

110 1720 206 1810 φίλον
225 1720 380 1790 εἶναικαὶ
400 1725 568 1810 σάμμαχον
588 1727 661 1794 οἶνοί
679 1731 848 1812 πολεμίου,
868 1729 924 1794 καί
939 1733 1061 1815 μηδένα
1083 1727 1186 1817 φόρον

108 1821 282 1905 λαμβάνειν
302 1820 336 1889 δν
353 1827 538 1911 παρείχοντο
559 1826 647 1915 αὐτῷ
665 1822 715 1892 ὅτε
735 1821 818 1913 η’σαν
839 1830 1041 1912 ἐνσπσνδαῖς,
1062 1834 1117 1894 καί
1132 1830 1189 1894 od·-

68 1923 165 1996 15dir·
183 1913 222 2006 ἦν
242 1917 274 2004 δ,
305 1920 505 2002 κελεύσαντος
524 1927 580 1990 τοῦ
599 1925 736 2008 μεγάλου
758 1927 960 2008 δομεοτάιαυ,
989 1925 1034 2013 μὴ
1057 1933 1131 1992 καθ’
1151 1924 1190 2014 ἧ-

110 2016 204 2104 δονην
228 2013 315 2107 αὐτῷ
341 2019 487 2107 πράττειν
513 2015 554 2108 ἦν
578 2020 657 2108 πρὸς
685 2025 730 2112 τῷ
750 2023 805 2088 καί
822 2021 918 2109 χάριν
938 2025 1055 2090 εἰδέναι
1074 2029 1129 2091 καί
1147 2026 1189 2092 τά

108 2117 244 2202 μέγιστα
260 2115 384 2183 οἴεσδαι
398 2119 642 2206 εάεργετείσδαι.
663 2122 783 2186 ἐκεῖθεν
797 2125 831 2187 δέ
853 2120 871 2186 ά
891 2124 990 2206 μέγας
1009 2125 1188 2205 δομέστικος

109 2211 338 2298 συνταξάμενος
354 2214 489 2304 Ἄμοάρ,
509 2209 583 2301 ἧκεν
597 2217 642 2296 σάς
658 2221 800 2302 βασιλέα
823 2219 878 2286 καί
893 2223 961 2286 ἐπεί
977 2224 1035 2288 καί
1047 2221 1082 2286 αἱ
1100 2220 1213 2308 παράι)

110 2317 170 2380 τοῦ
184 2312 333 2400 Σαρχάνη
346 2320 491 2401 παρῆσαν
503 2319 583 2402 νῆες,
604 2316 877 2402 παρεσκευάσαντό
894 2343 928 2385 τε
943 2319 1021 2407 πρὸς
1035 2317 1095 2406 τὴν
1112 2319 1190 2386 ναυ·

66 2412 232 2498 ῃομαχίαν
245 2415 300 2478 καί
318 2415 447 2500 ἠνιῶντο
469 2411 519 2480 ὅτι
539 2411 576 2480 σά
597 2421 744 2504 παρῆσαν
763 2413 810 2493 οἷς
831 2423 1078 2504 ναυμαχοῦνται.
1119 2427 1193 2485 Λα..

110 2521 192 2580 τίνοι
209 2515 255 2597 δέ,
276 2509 338 2578 εἴτε
357 2512 416 2598 τὴν
436 2513 637 2600 παρασκευὴν
657 2520 812 2598 βασιλέως
838 2521 1012 2601 δείσαντες,
1042 2509 1104 2582 εἴτε
1127 2519 1194 2583 ’καί

113 2612 168 2678 διά
195 2609 229 2678 τά
260 2609 334 2689 roric
363 2610 529 2695 ἐνάγοντας
561 2613 739 2695 Ῥωμαίους
763 2614 972 2701 καταφώρους
1006 2618 1192 2698 γενομένους

110 2709 304 2797 denutritas,
336 2711 370 2798 (ἢ
391 2709 451 2797 γάρ
473 2713 531 2776 σοῦ’
550 2713 688 2794 μεγάλου
713 2711 895 2794 δομεστίκου
919 2710 1019 2798 μήτηρ
1042 2707 1109 2794 άμα
1132 2717 1193 2795 βαι

186 2897 225 2936 ιι.
243 2875 347 2953 παρῄει
362 2875 503 2950 legebatur
520 2885 548 2932 et
565 2875 606 2948 τά.
624 2879 653 2933 ot
668 2895 719 2950 pro
740 2870 780 2932 δν.
800 2879 951 2949 Utrumque
970 2885 1043 2940 recte
1062 2875 1104 2929 ed.
1121 2875 1156 2930 V.

112 2997 207 3052 venire
230 3005 379 3122 mutuaque
407 2993 603 3052 consuetudine
623 2997 678 3049 frui
704 3002 732 3049 et
749 3004 899 3065 susceptam
918 2997 1076 3049 confirmare
1095 2995 1193 3047 amici⁴

114 3071 192 3124 tiam.
233 3067 305 3120 Haec
342 3073 385 3121 nit
409 3069 508 3140 legatio
536 3067 624 3136 magni
642 3065 792 3119 domestici.
827 3067 952 3119 Amurlus
975 3067 1057 3119 hosce
1081 3066 1192 3118 nuntios

116 3154 248 3194 summam
266 3139 427 3192 felicitatem
445 3137 619 3208 interpretari
636 3145 664 3188 ct
681 3139 711 3190 in
728 3139 846 3189 maximo
864 3137 997 3190 beneficio
1015 3137 1129 3189 ducere:
1145 3153 1191 3187 re-

114 3209 189 3262 lictis
210 3226 244 3261 ue
263 3210 360 3262 ceteris
381 3208 521 3271 omnibus,
548 3207 714 3260 Clazomenis
737 3223 797 3259 cunr
817 3225 850 3260 eo
868 3207 983 3260 miscere
1007 3206 1192 3277 colloquimur

115 3281 166 3333 rshi
186 3226 220 3331 de
237 3280 301 3348 nati
325 3279 535 3331 descendentem
552 3278 675 3330 convivio
695 3278 887 3330 delicatissimo
902 3275 1031 3330 adhibuit
1047 3283 1075 3328 et
1090 3275 1193 3345 perhu-

114 3351 234 3402 maniter
260 3348 366 3402 hebuit.
408 3347 563 3419 Quatriduo
588 3364 648 3400 cum
671 3349 719 3400 illo
743 3357 863 3402 versatus
887 3365 997 3418 magnus
1015 3345 1193 3409 domesticus,

114 3421 269 3492 persuasit,
289 3428 320 3472 ut
344 3420 501 3488 imperatori
519 3436 575 3472 non
592 3435 667 3470 secus
686 3435 718 3470 ao
734 3417 844 3472 domiuo
864 3417 992 3478 deditus,
1009 3434 1037 3469 sc
1057 3431 1140 3470 unum
1159 3415 1194 3468 de

114 3489 260 3543 nobilibus
278 3491 402 3544 Romanis
424 3491 452 3542 ei
469 3489 598 3542 subiectis
617 3487 745 3540 duceret:
769 3497 798 3540 et
823 3487 878 3540 sibi
895 3487 1011 3539 vinculis
1036 3486 1194 3540 insolubilid

115 3559 169 3613 hus
187 3559 324 3612 homiaem
344 3559 498 3612 adstrinxit
518 3558 606 3610 Neres
623 3567 714 3610 autem
731 3565 762 3610 ut
779 3559 977 3628 quamprimum
992 3559 1113 3610 mitteret
1129 3555 1194 3607 hord

115 3629 236 3693 tabatur,
255 3630 328 3700 quod
346 3631 493 3698 imperator
509 3645 560 3698 sup
580 3627 644 3680 etiis
661 3627 811 3697 indigeret:
831 3643 901 3698 quae
919 3627 995 3679 brevi
1006 3629 1103 3680 missae
1121 3631 1195 3682 sunt.

116 3701 259 3756 Praeterea
278 3709 309 3752 ut
326 3645 610 3769 Philadelphieurihus
635 3699 735 3749 amicus
759 3705 788 3750 et
809 3714 859 3782 pro
886 3695 964 3749 hoste
991 3701 1080 3750 socius
1107 3701 1195 3756 esset,

115 3771 280 3841 nullumque
296 3770 330 3822 ab
349 3772 383 3822 iis
401 3769 534 3822 tributum
553 3769 698 3838 acciperet,
736 3767 791 3820 uod
809 3767 851 3818 rili
868 3766 1035 3836 pendebant,
1056 3779 1115 3817 cum
1133 3763 1194 3815 losa

121 3840 212 3894 decuti
229 3849 327 3893 essent
352 3841 468 3894 Demum
487 3837 560 3890 nihil
578 3847 650 3900 erat,
669 3785 752 3908 quod,
776 3835 901 3890 hortante
919 3854 1016 3906 magno
1036 3835 1194 3896 domestico,

118 3928 176 3964 non
194 3927 254 3963 cum
271 3910 411 3982 voluptate
429 3917 591 3978 praestarets
612 3907 680 3977 quin
698 3909 781 3960 etiam
816 3907 896 3959 retias
913 3906 1033 3958 habebat
1052 3913 1125 3958 etse
1143 3903 1195 3955 be·

116 3981 224 4034 beficiis
243 3981 333 4034 ornari
350 3979 471 4050 putabat.
507 3979 617 4031 iimurio
634 3978 717 4047 igitur
734 3925 885 4030 valedicens
905 3975 1075 4037 domesticus,
1092 3972 1126 4025 ad
1140 3975 1195 4024 im-

117 4060 272 4122 peratorem
289 4066 318 4104 se
333 4052 445 4120 recepit.¹
484 4049 550 4102 Cum
567 4063 648 4100 naves
662 4064 678 4098 a
695 4047 830 4100 Sarchane
847 4049 898 4099 iarn
913 4047 1058 4108 venissent,
1076 4044 1110 4095 sd
1124 4059 1196 4096 narr-⁰

119 4121 302 4174 machinasse
320 4117 513 4188 comparabant
536 4116 738 4188 dolebuntque,
764 4117 839 4189 quod
865 4115 1025 4186 quibuscum
1045 4119 1197 4184 pugnarent

119 4191 243 4244 nondam
261 4189 392 4243 adessent
428 4188 520 4240 Latini
536 4201 616 4250 vero,
633 4205 668 4240 an
687 4188 761 4258 quod
778 4193 908 4256 apparatu
925 4185 1093 4254 imperatoris
1111 4190 1199 4235 terre·

121 4268 226 4327 statur,
243 4278 278 4315 sn
296 4259 514 4334 meritonam,
532 4275 549 4311 s
569 4258 669 4332 qulbus
680 4258 877 4321 innitebantur,
895 4253 1081 4326 deprehensis,
1097 4267 1198 4328 pacoro
