2946 4872
432 333 876 404 vuscmlcuznul·
1048 317 1051 324 ’
1081 343 1160 406 xxv

104 519 131 570 u
142 529 173 569 eo
195 505 365 570 inconsulto
385 517 437 568 aut
455 505 625 590 reira'gantts
636 504 712 568 nihil
726 519 895 589 gereretur,
920 511 1043 594 ipseque
1064 511 1161 574 adrni-

103 611 225 670 nannet
247 609 372 668 omnia:
402 615 433 666 et
455 617 531 667 esset
551 626 614 667 non
637 604 760 687 quidem
781 607 928 671 vocabulo
942 613 1030 690 (nam
1052 611 1084 672 id
1100 633 1162 674 una

103 707 295 785 emanabitn,
326 705 395 768 licet
408 725 470 766 non
491 703 583 766 semel
597 703 637 765 ab
652 703 827 766 Andronico
856 708 998 772 invitatus
1026 722 1055 772 et
1077 714 1162 772 enixe
1209 700 1214 710 ’

103 817 219 888 rogatu,
239 815 412 866 constanter
425 803 509 888 sugit)
533 803 585 864 sed
600 823 691 885 opere
705 806 769 886 ipso
784 806 957 888 imperator.
998 811 1078 893 Lege
1092 833 1159 893 cap.

103 925 130 986 9.
142 903 191 966 lib.
203 925 234 965 s.
275 904 346 982 Quo
361 903 521 984 defisncto,
551 923 710 985 procerum
732 923 766 964 ac
780 903 911 966 militum
923 907 1001 967 votis
1014 909 1162 993 Didymo-

103 1003 164 1066 ticli
189 1003 369 1082 obsecutus,
398 1005 530 1085 itemque
551 1001 617 1064 aliis
638 1001 677 1064 de
696 1005 807 1064 caussis
825 1003 909 1086 (quas
932 1005 1065 1098 proserp,
1089 1009 1162 1070 dum

104 1101 240 1165 effetatae
252 1101 422 1188 tyrannidis
437 1103 635 1184 suspicionem
654 1122 672 1162 a
695 1121 727 1162 se
743 1101 884 1184 depellite
916 1105 1039 1188 depellit
1062 1117 1162 1169 autem

105 1205 258 1285 saepissime
271 1223 307 1264 ac
321 1203 535 1284 disertissime,
562 1211 592 1264 et
605 1211 668 1264 tam
682 1201 902 1282 vaisimiliter,
931 1215 966 1265 ut
987 1205 1063 1266 nihil
1084 1205 1163 1267 desi-

106 1301 191 1381 denes)
214 1323 377 1386 pmpuram
408 1311 438 1364 et
450 1303 559 1362 tiaram
573 1299 682 1362 induit.
715 1299 912 1384 Adrianopoli
927 1325 945 1364 a
960 1305 1073 1365 Lazaro
1089 1305 1162 1367 Hie·

106 1399 328 1483 msolymorum,
356 1421 477 1462 rursum
490 1401 626 1484 Byzantii
640 1400 680 1462 ab
702 1401 818 1462 Isidoro
831 1402 1008 1484 patriarchis
1021 1397 1163 1466 coronam

106 1499 274 1583 imperialem
288 1499 404 1564 solenni
419 1503 480 1562 ritu
494 1503 619 1584 accepit.
662 1501 762 1579 Quam
777 1501 863 1564 beate
876 1504 996 1580 vixerit,
1019 1505 1052 1563 in
1066 1525 1163 1588 quan·

105 1601 284 1683 tiseuiusqne
301 1599 385 1662 modi
398 1599 528 1684 opibus,
559 1601 593 1660 in
614 1611 726 1684 quamn
749 1599 905 1662 hominum
924 1600 1164 1665 admirationeet

110 1696 211 1780 glor-ia,
238 1701 303 1783 ipse
325 1699 497 1762 clarissimis
519 1698 621 1762 verbis
642 1698 701 1760 lib;
715 1699 747 1759 3.
761 1720 830 1781 cap.
849 1699 899 1761 53.
915 1711 945 1760 et
959 1698 1011 1782 78.
1032 1701 1167 1764 edocuit.'

171 1798 206 1859 ln
219 1797 342 1860 militari
361 1799 541 1882 disciplina,
569 1801 650 1861 socio
666 1797 834 1882 Syrgianne
845 1783 875 1876 'x
888 1800 1031 1881 magistro
1046 1798 1164 1882 Angelo

104 1915 177 1958 amm
189 1917 223 1959 se
234 1908 356 1960 narrat:
383 1901 415 1960 in
429 1919 489 1982 qua
511 1897 618 1960 deinde
639 1917 695 1982 per
724 1900 963 1960 exercitationem
989 1895 1164 1960 lectionem·
1291 1923 1293 1928 ·

105 1995 247 2081 quelonge
261 1997 424 2060 admodmn
446 2000 610 2081 processit,
639 1997 768 2081 talisque
782 2017 905 2080 prorsus
920 1999 1015 2060 extitit
1033 2001 1163 2081 impera·
1289 2011 1291 2018 '

105 2101 162 2174 tor,
188 2097 307 2180 qualem
321 2098 365 2158 M.
380 2097 499 2160 Tullius
523 2099 556 2159 in
576 2097 762 2182 Pompeiana
780 2098 931 2182 depinxit:
962 2099 1109 2180 siquidem
1132 2102 1164 2161 in

104 2213 256 2280 eoquoque
277 2196 331 2258 illa
350 2209 492 2282 quatuor,
512 2219 590 2280 quae
603 2200 635 2260 in
656 2219 774 2260 summo
796 2199 977 2280 imperatore
993 2199 1089 2260 inesse
1111 2198 1164 2260 de-

104 2290 176 2374 hent,
195 2300 385 2378 eninrcrnnt,
411 2299 554 2377 seientia,
577 2299 687 2378 virtus,
711 2297 848 2378 felicitas,
872 2301 1043 2360 auctoritas.
1080 2297 1163 2362 Talis

104 2392 181 2483 ilem,
215 2397 335 2480 qualem
359 2399 392 2459 in
420 2397 585 2481 Strategico
610 2399 803 2480 gravissimus
824 2407 1000 2481 praeceptor
1025 2396 1163 2462 militaris

105 2491 265 2559 Onosander
278 2498 420 2571 describit
431 2519 500 2583 cap.
521 2519 563 2579 1.,
579 2509 690 2582 castus,
710 2509 890 2581 temperans,
913 2499 1042 2580 sobrius,
1070 2498 1161 2580 srugi,

103 2585 272 2678 laboriosus,
302 2597 489 2682 intelligens,
521 2599 645 2660 minime
667 2617 796 2679 avarus,
824 2619 880 2660 nec
894 2599 1013 2677 iunior,
1043 2617 1098 2659 nec
1115 2617 1163 2658 se-

104 2690 177 2772 nior,
200 2695 327 2759 filiorum
348 2709 452 2781 pater,
482 2698 601 2760 dicendi
622 2702 750 2782 peritus,
781 2697 876 2782 gloria
898 2697 1034 2760 illustris.
1057 2699 1163 2776 'Qua-

105 2783 161 2848 lem
172 2807 315 2872 praeterea
328 2797 368 2860 de
383 2798 491 2860 bellico
506 2809 652 2883 apparatu
666 2820 733 2882 cap.
750 2819 780 2866 s.
808 2799 871 2859 Leo
885 2801 1059 2881 imperator.
1089 2797 1163 2856 Lin-

204 2893 336 2958 Latinam
360 2897 498 2959 calluisse
517 2897 590 2959 inde
609 2901 811 2959 coniecturam
832 2900 929 2978 capio.
970 2897 1093 2956 Etenim
1115 2915 1164 2955 res

127 3008 290 3062 omanorum
303 2999 521 3080 imperatorum
536 2997 590 3078 (ut
602 3017 658 3058 nos
675 2999 827 3057 Romanos
841 2998 1036 3077 imperatores
1048 2989 1163 3074 apella-

104 3103 180 3169 mus,
205 3093 259 3156 hoc
273 3107 320 3158 est
337 3117 465 3178 eorum,
494 3098 601 3180 quiin
624 3095 711 3157 ltalia
742 3105 785 3157 et·
804 3095 918 3156 Romae
936 3095 1092 3173 vixerunt)
1107 3091 1164 3153 ali·
1297 3117 1300 3124 ·

104 3193 205 3266 mous
225 3197 255 3255 in
277 3197 411 3260 medium
433 3195 574 3276 adducit,
604 3217 678 3278 quas
698 3195 822 3257 forsitan
844 3193 925 3276 apud
939 3191 1081 3253 historiae
1096 3190 1163 3252 Au-

105 3299 194 3366 guttae
205 3297 362 3378 scriptores
382 3295 464 3380 legit.
506 3297 549 3359 Et
568 3295 670 3379 Arego
691 3295 839 3357 monacho
854 3292 994 3355 Sabaudo
1016 3291 1164 3374 quaedam
1204 3320 1208 3326 =

107 3385 204 3452 Graece
224 3397 335 3478 scripta
354 3417 416 3458 non
437 3395 637 3480 intelligenti,
667 3398 881 3478 interpretatur
900 3365 955 3454 lib.
973 3393 1004 3454 ὅ.
1025 3413 1092 3475 cap.
1109 3389 1162 3471 84.

106 3481 203 3568 Siquis
217 3494 370 3556 anditione
383 3506 503 3558 tantum
514 3497 719 3556 Romanorum
734 3495 813 3555 faeta
826 3493 986 3575 accepisse,
1004 3502 1034 3552 et
1048 3492 1163 3551 Graeca

105 3579 150 3644 illa
162 3587 254 3654 ltalice
268 3595 418 3656 monacho
432 3599 662 3677 interpretatam
683 3615 747 3655 esse
760 3593 883 3654 credere
904 3589 1010 3670 malit,
1041 3611 1111 3651 cum
1126 3611 1170 3666 eo¹

103 3700 156 3746 non
168 3693 357 3754 contendame
380 3698 465 3756 etita
479 3695 602 3756 nomine
616 3695 740 3755 Latinae
754 3693 890 3776 linguae,
921 3692 1006 3752 cuius
1019 3710 1052 3750 se
1066 3691 1163 3750 scien-

104 3793 154 3846 lffm
167 3793 294 3872 quodam
308 3793 376 3856 looo
388 3793 529 3874 affirmat,
542 3814 662 3878 quaque
670 3793 879 3876 praesidiarios
894 3790 986 3852 ltalos
1000 3788 1164 3872 alloquitur

104 3881 346 3976 Constantinopoli
360 3893 415 3956 lib.
432 3893 464 3974 4.
479 3915 546 3978 cap.
563 3891 628 3976 δῷ,
645 3893 749 3955 italica
771 3891 963 3974 intelligenda
978 3891 1053 3951 erit:
1087 3891 1165 3952 sicut

103 4001 150 4061 per
166 3987 286 4053 Latinos
307 3991 377 4054 Itali
402 4004 432 4054 et
454 3992 505 4054 alii
535 4015 598 4056 non
621 3995 741 4056 Graeci.
783 3991 903 4054 Persice
927 4011 1068 4074 quoque,
1100 3991 1163 4049 sive

104 4079 218 4148 Tumice
245 4112 331 4153 nosse
360 4113 393 4153 se
421 4091 607 4176 l1b.14.cap.
629 4113 676 4155 to.
704 4090 843 4156 *affirmat
897 4089 1005 4152 Artem
1027 4089 1164 4150 didicisse

105 4188 271 4270 oratoriam,
301 4188 471 4275 eloquentia
486 4195 579 4278 ipsius
601 4195 683 4257 omni
705 4191 926 4277 praedicatione
948 4189 1060 4273 digna,
1090 4197 1119 4248 et
1132 4187 1164 4246 in
