2946 4872
285 315 378 378 xxv1
459 399 466 411 .
707 315 730 371 t.
759 307 940 376 sonatur

285 494 348 546 tam
367 479 527 566 praeclaris
544 479 728 544 orationibus
754 489 880 562 totaque
909 479 1070 561 scriptione
1099 499 1131 544 se
1144 501 1286 561 marma,
1306 482 1360 544 de·

285 595 443 646 monstrat.
475 583 554 646 Sane
567 581 649 665 quud
662 583 708 641 tt.
722 578 845 642 Tulliust
858 580 897 641 de
915 580 1082 663 Pompeio,
1103 581 1183 644 idem
1197 603 1253 664 ego
1267 583 1361 644 veris-

284 686 359 746 sime
379 683 418 746 de
436 682 495 744 hoc
514 685 601 761 viro,
627 682 729 764 paucis
757 679 948 757 immutatis,
966 699 1162 763 usurpavero.
1206 683 1364 766 Quartum

285 783 438 857 consilio,
470 794 619 866 quantum
640 778 772 842 dicendi
795 779 972 859 gravitate,
1003 789 1033 841 et
1062 781 1154 865 eopia
1172 781 1278 842 ualeat
1284 823 1298 853 ,
1327 781 1363 842 in

284 904 346 967 quo
366 883 434 967 ipso
457 882 538 944 inest
553 879 707 966 quaedam
729 877 872 958 dignitas
892 878 1095 962 imperatoria
1102 922 1116 952 ,
1143 899 1202 942 uos
1217 899 1261 945 ex
1278 880 1365 942 hisce

283 981 375 1044 libris
400 1001 491 1066 saepe
509 977 709 1060 cognoscetis.
750 975 877 1061 Oppida
899 975 1074 1059 complura,
1099 999 1176 1061 quae
1198 981 1290 1041 annis
1312 1001 1364 1042 re·

268 1075 447 1158 sistebant,
478 1081 539 1141 oris
560 1080 607 1142 sui
621 1077 759 1156 facundia
774 1077 914 1160 subegit:
946 1087 982 1138 ut
1002 1077 1085 1161 quod
1111 1078 1227 1162 Cyneas
1249 1077 1366 1162 legatus

284 1179 405 1263 Pyrrho
418 1180 612 1263 Epirotarum
626 1180 702 1262 regi,
722 1175 781 1238 hoc
798 1175 883 1238 idem
896 1197 991 1259 paene
1004 1177 1180 1240 Andronico
1192 1181 1368 1268 imperatori

284 1277 508 1340 Cantacuzenus
534 1277 633 1345 fuerit.
672 1279 804 1340 Etcum
831 1279 962 1338 oratoris
983 1279 1023 1340 sit
1042 1276 1199 1340 historiam
1218 1281 1364 1360 scribere,

283 1379 308 1440 si
323 1400 384 1462 qua
398 1378 477 1458 alia,
497 1377 571 1440 haec
584 1380 649 1440 sine
662 1377 869 1440 connoversia
883 1378 1036 1455 oratorie,
1055 1376 1113 1438 hoc
1127 1377 1365 1460 estpnadentsr,

283 1477 445 1560 disposita,
465 1477 594 1558 diserte,
613 1497 670 1538 nec
684 1478 845 1538 invenuste
858 1477 969 1558 scripta
989 1485 1043 1542 est.
1084 1475 1194 1540 Portas
1207 1477 1366 1561 diligenter

282 1575 409 1660 legisse,
441 1577 608 1640 Homerum
630 1577 789 1660 praecipue
823 1586 856 1637 et
876 1575 1075 1658 Euripidem,
1118 1577 1252 1640 crebrius
1273 1599 1307 1640 er
1328 1580 1367 1640 iis

283 1675 392 1759 prolati
418 1697 523 1740 versus
542 1677 663 1738 docent.
704 1675 869 1738 Sacrarmu
889 1674 1060 1738 litterarum
1082 1677 1205 1738 scientia
1227 1697 1289 1738 non
1302 1698 1367 1759 ,pa-

283 1796 351 1837 rum
364 1775 535 1855 imbunun,
554 1787 600 1838 tot
621 1774 680 1838 loci
693 1777 829 1857 apposite
849 1773 969 1838 inducti
990 1786 1169 1857 argumento
1182 1787 1264 1838 suut.
1305 1777 1367 1838 Sed

281 1875 315 1938 id
328 1897 364 1936 ex
385 1873 470 1936 libris
483 1875 549 1936 aliis
564 1873 627 1936 sole
648 1873 758 1936 clarius
773 1884 839 1954 est,
861 1895 940 1957 quos
961 1894 1070 1956 nempe
1090 1887 1195 1938 sonno
1209 1875 1367 1938 Mahome·

282 1984 369 2035 tanos
393 1985 423 2036 et
453 1973 580 2036 ludaeos
617 1973 722 2041 edidit.
763 1973 877 2035 Fertur
898 1975 1023 2056 insuper
1044 1975 1076 2034 in
1097 1977 1232 2060 quinque
1250 1977 1368 2058 priores

283 2073 450 2136 ethicomm
470 2071 641 2138 Aristotelis
662 2071 869 2155 Paraphraain
891 2073 1113 2156 conscripsisse.
1153 2075 1236 2136 llaec
1250 2074 1289 2136 de
1302 2085 1367 2138 stu·

282 2171 341 2236 diis
368 2183 400 2235 et
421 2173 530 2236 litteris
552 2175 628 2242 eius.
941 2207 946 2216 ·

362 2273 454 2353 Quod
475 2273 515 2335 ad
534 2293 634 2336 mores
653 2283 684 2336 et
696 2272 824 2336 virtutes
838 2274 967 2353 attinet,
986 2274 1145 2335 veritatem
1171 2276 1312 2354 amavit,
1332 2284 1367 2336 ut

282 2375 334 2458 qui
355 2375 502 2454 maxime,
532 2373 624 2457 idque
642 2375 732 2436 toties
753 2383 883 2434 testatur
912 2393 948 2434 ac
975 2372 1144 2455 profitetur.
1194 2373 1270 2436 Eius
1294 2395 1368 2456 pru·

282 2473 384 2536 dentis
398 2472 535 2552 edictis,
562 2475 750 2555 maximeque
763 2493 781 2534 e
794 2469 927 2534 consiliis
948 2473 1067 2554 egregia
1096 2493 1214 2554 semper
1250 2483 1281 2534 et
1303 2493 1367 2534 me-

282 2571 429 2634 moranda
448 2575 645 2656 perspicitur:
678 2573 769 2655 digna
783 2571 940 2654 profecto,
961 2573 1010 2631 cui
1044 2569 1093 2632 val
1114 2574 1211 2635 maius
1229 2575 1368 2634 commit·

281 2683 396 2734 teretur
411 2675 584 2755 imperium.
626 2671 839 2752 Fortimdinis,
861 2669 1129 2754 magnanimitatis,
1151 2695 1187 2734 ac
1207 2675 1370 2756 patientiae

284 2783 344 2852 est,
373 2773 455 2856 quod
475 2794 625 2856 nusquam
646 2773 741 2835 ferme
761 2775 847 2836 abest
869 2775 911 2836 ab
932 2775 1081 2852 exercitu,
1104 2793 1256 2855 manuque
1269 2793 1323 2834 sua
1337 2774 1370 2834 in

284 2869 400 2933 bostem
415 2883 529 2956 pugnat
542 2873 690 2936 viriliter:
718 2895 775 2936 uec
789 2872 998 2956 voluptatibus
1011 2871 1168 2956 indulget,
1188 2883 1219 2934 et
1236 2871 1372 2934 adversis
1426 2919 1431 2926 .

284 2971 402 3033 casibus
416 2993 478 3034 nou
505 2973 674 3055 frangitur:
696 2974 813 3034 iniuriis
828 2974 1035 3054 (potissimum
1046 2971 1087 3032 ab
1101 2969 1305 3053 Apoeaucho,
1320 2972 1372 3032 cui

285 3081 444 3152 tantopere
465 3072 673 3150 benefaceret,
696 3072 796 3148 illatis)
811 3091 873 3132 non
896 3069 1084 3132 succumbit:
1105 3081 1136 3132 et
1150 3070 1296 3132 invidiam
1317 3089 1371 3130 ae·

286 3189 347 3251 qua
368 3179 469 3230 mente
491 3171 627 3234 sustinet.
684 3168 721 3230 ln
743 3169 821 3231 bene
843 3167 882 3230 de
905 3191 938 3230 se
960 3181 1107 3232 merentes
1129 3191 1207 3232 unus
1231 3171 1370 3230 omnium

287 3268 492 3350 gratissimum
514 3287 606 3352 quam
619 3268 762 3330 virtutem
782 3269 814 3330 in
836 3267 903 3330 aliis
918 3271 1009 3331 etiam
1023 3281 1122 3350 amat,
1145 3269 1176 3332 et
1197 3268 1266 3330 idco
1285 3267 1372 3330 nulln

287 3365 507 3448 pmpemodum
520 3368 631 3450 pagina
645 3369 811 3450 gratiarum
832 3368 999 3431 actionibus
1014 3379 1110 3432 vacat.
1163 3366 1215 3429 Ad
1229 3365 1370 3428 modera-

288 3465 413 3542 tionem,
434 3467 710 3549 continentiamque
723 3469 866 3549 pertinet,
892 3469 975 3550 quod
989 3469 1108 3551 imperii
1127 3469 1373 3529 communionem

288 3563 345 3624 sibi
359 3565 399 3624 ab
420 3563 596 3628 Andronico
609 3569 699 3628 mam
713 3577 855 3649 quartum
876 3567 1025 3646 delatam,
1055 3577 1182 3636 recusat.
1216 3565 1253 3628 ln
1266 3567 1374 3627 amici-

288 3665 331 3724 tia
350 3663 477 3726 colenda
495 3668 770 3748 constantissimus,
794 3665 1004 3730 Andronicum
1025 3669 1174 3730 minorem
1196 3667 1370 3748 praecipue,

289 3771 320 3822 et
341 3761 504 3826 Amurium
518 3765 644 3828 Persam
658 3767 760 3828 Ioniae
774 3765 932 3850 Satrapam
969 3771 1033 3830 sive
1055 3768 1222 3850 principem
1244 3763 1372 3842 dilexit,

179 3895 183 3910 ·
290 3859 405 3944 luitque
425 3865 558 3926 vicissim
583 3865 729 3928 ambobus
750 3887 842 3948 supra
864 3887 956 3949 quam
978 3865 1037 3928 dici
1060 3877 1159 3949 potest
1191 3864 1301 3926 charus
1341 3874 1373 3924 et

290 3961 449 4024 iucundus.
490 3964 603 4027 Dilexit
624 3987 693 4027 enm
715 3967 805 4028 etiarn
819 3965 1012 4028 vehementer
1026 3986 1043 4027 e
1057 3965 1233 4048 proceribus
1246 3961 1370 4024 Tribal-

291 4059 388 4122 lorum
413 4057 654 4144 opulentissimus
675 4066 797 4148 quidam
821 4065 967 4144 Liberus,
1002 4077 1036 4126 ut
1058 4076 1102 4127 est
1121 4064 1173 4126 lib.
1188 4063 1217 4128 ὅ.
1232 4083 1299 4145 cap.
1315 4059 1368 4140 la.

291 4159 518 4224 Beneficentiam
540 4185 574 4225 ac
597 4163 805 4228 liberalitatem
824 4165 916 4230 colant
936 4164 1130 4244 mirabiliter,
1160 4175 1190 4225 et
1210 4165 1242 4224 in
1257 4163 1370 4224 exemi-
