2946 4872
572 295 676 358 unm
705 297 730 357 t.
1169 262 1193 348 5

110 451 166 520 loga
189 445 328 502 monacha
353 463 436 516 super
453 445 577 502 induciis
600 461 728 519 rogatum
754 443 941 518 acceditiss).
977 446 1068 520 Nepos
1083 465 1197 520 respon·

110 519 185 584 mess,
209 537 238 572 se
258 520 290 570 in
317 535 401 570 auum
428 518 659 592 officiosissimum
683 517 861 572 demonstrat.
903 521 979 574 evus
1002 518 1195 574 iusiurandum

110 589 170 652 dst,
199 601 227 644 et
244 586 503 640 anathematismum
527 589 679 642 rescindit:
704 590 856 650 irascitur,
884 586 1017 641 hominene
1045 587 1078 642 de
1097 592 1195 661 infima

109 661 179 728 pleis
205 657 246 710 ad
270 675 298 709 se
322 659 475 710 iuramenti
496 655 629 728 exigendi
653 661 770 710 missum.
804 660 918 712 Factum
945 672 1096 713 excusatur
1128 659 1194 730 (²3).

110 727 211 783 elnon
268 727 312 778 iin
334 745 363 780 se
389 729 490 798 recipit
513 745 615 799 nepos,
643 746 676 780 eo
696 745 808 780 uaortm
828 741 935 780 evocat.
971 730 1140 796 Sprgiannts
1158 727 1198 782 ssd

112 817 193 882 senem
214 745 335 879 ⁰zitise
370 797 506 850 obiectum
529 795 668 872 perfidiae
698 800 802 850 crimen
819 811 904 880 negat
917 798 983 868 (9.4).
1008 799 1069 850 itur
1089 802 1197 866 infestis

112 866 720 1006 :tltiiiiii...lt'tttt'tiltizss
735 866 1112 990 iiiiii-ithltlllii
1128 885 1198 990 lit}

113 1007 155 1078 pls
169 1009 288 1068 auulsa,
305 1025 356 1075 pra
375 1008 490 1076 captiua
508 1004 659 1060 adducitur
682 1007 944 1078 Constantinopolin
962 1006 1027 1077 (26).
1070 1007 1130 1060 Pas
1150 1026 1198 1080 pe·

114 1079 185 1130 titur.
220 1075 338 1130 storum
356 1077 493 1138 iunioris,
531 1093 551 1128 es
576 1095 630 1150 quo
656 1075 885 1148 stratopedarcho
907 1075 1033 1130 desciscit
1048 1077 1114 1148 (η).
1146 1081 1198 1132 tte-

114 1145 272 1218 neficentiee
297 1147 395 1214 magni
418 1143 580 1208 domestici,
608 1148 720 1217 eiusque
743 1149 840 1200 metris
865 1146 1026 1200 modos-oe
1051 1149 1198 1220 magnoni·

113 1221 187 1268 mitas
203 1217 270 1288 (28).
304 1213 412 1286 Oppida
431 1219 500 1287 Apri
517 1215 591 1286 (29),
624 1217 759 1279 Gar-ella,
784 1216 980 1278 uncelenum,
1007 1219 1197 1288 Sergentzium

114 1301 290 1356 occupantur.
317 1287 402 1338 Sacri
419 1298 584 1341 exuruntur.
620 1285 870 1358 Stratopedarchae
893 1285 1031 1358 perfidia,
1050 1289 1199 1358 Syrmponi

115 1359 228 1424 pastoris
241 1353 376 1429 fidelitas
404 1356 436 1408 in
453 1355 593 1410 dominum
625 1369 652 1409 st
677 1359 784 1410 coritas
802 1360 833 1410 in
853 1359 994 1410 inimicum
1021 1356 1198 1410 admirabilis

118 1425 175 1494 (3ο).
192 1427 305 1496 Nepotis
317 1427 348 1478 in
361 1425 463 1478 hostem
479 1427 592 1480 lenitas.
614 1429 813 1479 Constantinus
825 1427 937 1498 despota
952 1429 1080 1497 captiuus
1091 1430 1122 1479 in
1131 1429 1197 1482 vin-

118 1497 174 1548 cula
190 1498 350 1550 coniicitur.
389 1498 442 1564 Qui
461 1497 559 1550 Xenae
578 1497 753 1564 imperatrici
769 1515 867 1550 manus
878 1498 1017 1550 violentas
1032 1498 1196 1560 attulerant,

114 1567 271 1634 puniuntur.
312 1565 487 1620 hemniorum
503 1563 542 1618 ad
553 1577 677 1636 nepotem
694 1565 832 1636 dejectio.-
848 1585 927 1637 quem
933 1567 1122 1636 formidantes
1132 1567 1198 1620 Per·

114 1653 173 1698 sae,
192 1635 299 1690 deserto
318 1651 392 1698 nvo,
412 1638 460 1690 cui
477 1635 588 1688 auxilio
608 1636 769 1696 veniebant,
788 1638 819 1688 in
837 1639 970 1689 orientem
985 1639 1105 1718 turpiter
1120 1637 1196 1702 refu·

114 1707 187 1776 piune
201 1706 267 1776 (31).
300 1705 428 1760 Passieno
450 1723 566 1775 pacem,
584 1721 667 1780 quam
684 1703 753 1758 dare
772 1708 894 1776 cogitat,
914 1709 956 1758 ita
974 1718 1004 1757 ut
1023 1725 1099 1775 epse,
1117 1723 1197 1760 esen

114 1777 198 1838 citus,
217 1777 319 1837 urbes,
340 1787 401 1828 tota
421 1776 533 1842 imperii
549 1773 760 1828 administratio
776 1793 858 1844 penes
875 1777 1010 1828 seniorem
1028 1778 1085 1828 sint
1102 1773 1135 1828 de
1153 1793 1197 1832 ce.-

114 1857 174 1898 tera.
212 1847 369 1898 Contiones
390 1846 582 1916 imperatoris,
605 1857 631 1896 et
651 1847 844 1898 Contoeuzeni
869 1843 910 1898 ad
929 1845 1068 1916 principes
1103 1857 1130 1898 et
1146 1843 1197 1898 du·

116 1933 154 1968 ces
168 1919 307 1970 exercitus
319 1915 384 1986 (ss).
402 1916 567 1977 Responsum
585 1916 693 1984 nepotis
710 1913 750 1966 od
758 1933 841 1968 avum
852 1914 886 1969 de
897 1917 977 1986 pacis
991 1913 1197 1970 conditionibus

117 1983 172 2054 (33).
192 1989 288 2040 Actum
306 1987 415 2056 gratias
440 1999 467 2038 et
488 2002 583 2056 pacem
609 1985 801 2053 confirmatum
810 1986 892 2040 Xena
906 1982 1052 2058 adfiliuns
1068 1987 1197 2038 mittitur.

119 2053 291 2108 conditiones
320 2073 404 2108 senex
427 2057 547 2126 accipit,
573 2051 612 2108 ad
635 2073 713 2126 quem
737 2054 914 2110 salutandum
932 2073 1016 2126 nepos
1033 2057 1196 2123 Byzantium

116 2123 251 2178 concedit:
269 2127 319 2178 ille
338 2125 449 2178 oleviam
466 2145 494 2180 ss
510 2128 575 2194 sert.
610 2125 654 2178 Ili
671 2124 840 2180 consuetudo
858 2123 994 2197 quaedam
1012 2127 1196 2195 imperatoria

113 2192 276 2248 declaretur.
318 2197 378 2250 Una
395 2197 431 2248 in
445 2197 538 2248 urbem
553 2191 759 2264 ingrediuntur.
795 2197 847 2249 Die
862 2197 990 2266 sequenti
1004 2195 1058 2248 Dei
1076 2213 1145 2250 erae
1161 2193 1195 2248 de

114 2265 233 2336 consecra
257 2283 328 2337 paee
353 2283 436 2336 nepos
463 2269 571 2335 gratias
600 2283 617 2316 a
639 2268 669 2318 it.
713 2267 748 2318 In
765 2267 876 2335 palatio
894 2282 954 2320 tum
972 2282 1028 2318 auo
1066 2267 1122 2334 egit
1140 2265 1195 2319 eii·

10 2399 12 2412 ,
113 2332 257 2458 prandia.-
275 2332 393 2390 adeum
410 2333 589 2420 spectandum
606 2283 766 2406 thequentes
788 2333 911 2407 undique
938 2351 1088 2388 concursus
1112 2333 1194 2402 fiunt.

140 2402 329 2469 idyssotichsem
362 2403 436 2458 redet
450 2405 516 2476 (34).
556 2405 793 2474 Sphentisthlabus
820 2405 913 2458 morbo
939 2407 1054 2468 interit,
1087 2405 1195 2458 Perters

113 2473 172 2545 filio
189 2493 358 2538 successore,
378 2493 396 2527 a
414 2493 469 2560 quo
491 2475 693 2546 Philippopolis
713 2478 832 2544 eapitur.
876 2475 966 2545 Nepos
991 2476 1126 2528 Moesiam
1152 2477 1196 2526 in·

116 2559 243 2608 cursans,
266 2542 390 2616 praedas
416 2559 542 2612 ingentes
560 2547 636 2612 agit,
660 2557 686 2598 et
705 2547 837 2613 Byzarstii
854 2545 1037 2615 Syrgiannsm
1057 2546 1087 2596 in
1104 2561 1195 2598 senem

114 2616 315 2668 coniurationis
338 2631 415 2668 reum
433 2615 465 2668 in
489 2631 601 2670 carcere
625 2617 753 2668 invenit:
776 2618 923 2688 inquom,
939 2615 1021 2686 sacta
1039 2615 1105 2668 licet
1119 2627 1197 2686 pote·

114 2696 201 2748 stass.
218 2686 384 2739 sententiam
393 2685 477 2755 serre
501 2685 601 2738 alrnuit
618 2683 683 2756 (35).
719 2687 845 2739 Moritur
868 2685 1002 2738 Terteres.
1048 2685 1196 2756 Complura

117 2755 232 2808 Moesiae
248 2751 351 2826 oppida
368 2754 530 2809 Andronico
548 2755 652 2808 minori
668 2771 697 2808 se
717 2755 838 2808 dedunt:
856 2757 967 2824 reliqua
985 2755 1129 2816 Botulus,
1147 2752 1197 2806 de·

117 2821 205 2889 functi
220 2828 288 2894 regis
305 2837 439 2896 patruus,
459 2825 513 2876 sihi
530 2827 637 2878 asserit.
673 2828 730 2878 Avi
752 2825 896 2880 commissu
919 2843 1003 2894 nepos
1020 2823 1197 2896 Philippopo-

118 2892 177 2954 lin,
195 2892 240 2946 sed
254 2895 389 2965 frustra,
415 2905 563 2964 oppugnat.
601 2894 756 2955 Machina,
780 2893 925 2948 cuiusdam
954 2895 1085 2946 Germani
1112 2909 1196 2960 opus,

117 2959 276 3033 depingitur.
319 2965 360 3017 De
391 2965 516 3018 Bossiloe
539 2965 612 3016 socii
635 2975 662 3016 ct
686 2965 771 3018 amici
796 2975 882 3016 morte
897 2962 994 3042 salsus
1018 2979 1113 3017 rumor
1130 2960 1196 3032 (36).

118 3031 308 3104 Philippopolis
321 3035 450 3108 sorteeito
468 3044 651 3102 recuperatur
668 3031 731 3102 (37).
769 3033 874 3084 Bellum
897 3049 928 3082 sn
949 3032 1083 3084 barbaros
1102 3029 1198 3086 decer-

118 3103 208 3160 nitur.
228 3107 367 3158 incassum
382 3103 608 3156 dissentientibus
627 3104 748 3156 senioris
765 3102 956 3162 consiliariis,
977 3120 994 3154 α
1011 3118 1066 3173 quo
1083 3117 1199 3170 magnus

119 3167 272 3228 domesticus
299 3171 508 3228 commendatur·
524 3172 590 3244 (38).
634 3173 694 3226 Pax
719 3187 746 3226 et
763 3169 870 3244 soedus
895 3173 971 3224 inter
997 3173 1199 3240 imperatores,
1225 3201 1229 3207 -

119 3253 144 3291 et
158 3245 289 3308 Moesum,
324 3246 436 3314 quicum
460 3245 583 3298 iunioris
607 3256 693 3314 nupta
721 3253 783 3296 erat
799 3261 888 3296 soror.
928 3243 1200 3296 ,teuthonicorum

117 3311 323 3378 imperatorum,
344 3331 400 3385 quo
419 3314 475 3366 sihi
490 3331 541 3383 per
558 3315 737 3366 matrimonia
757 3313 919 3375 Scytharum
945 3323 1076 3382 satrapas
1100 3311 1200 3366 deuin-

120 3381 227 3437 eiehant.
263 3385 305 3438 Dc
330 3381 493 3452 Scytharum
518 3383 593 3436 binis
615 3384 647 3435 in
667 3383 817 3436 Thraciam
835 3383 1056 3451 irruptionibus,
1081 3397 1199 3454 quomens

120 3463 213 3516 partem
236 3455 357 3506 Romani
383 3451 538 3508 trucidant.
585 3455 650 3504 Cum
676 3451 840 3518 Scytharum
867 3447 987 3520 quodam
1005 3449 1075 3504 duce
1093 3451 1201 3520 nepotis

121 3535 153 3570 es
176 3523 262 3576 altero
289 3525 354 3593 ripa
382 3524 552 3592 colloquium
571 3521 634 3592 (39).
676 3524 757 3576 Irene
781 3523 886 3575 coniux
911 3517 983 3573 diem
1009 3523 1088 3582 ohit,
1117 3527 1200 3574 Anna

120 3587 267 3645 Saiaudiae
295 3593 405 3646 comitis
452 3593 493 3645 lia
518 3593 627 3645 iuniori
652 3589 692 3644 ad
708 3592 875 3646 connubium
892 3593 999 3662 petitur
1026 3590 1090 3660 (ο),·
1108 3594 1119 3644 i
1137 3608 1165 3644 ss
1182 3607 1202 3644 a

118 3663 272 3725 patriarcha
289 3665 367 3718 isaia
384 3679 415 3714 so
428 3663 497 3716 enni
512 3663 680 3724 ceremonia,
720 3679 783 3714 uam
801 3673 902 3714 auctor
921 3674 1051 3714 accurate
1067 3678 1119 3732 esp
1135 3661 1144 3676 '⁸
1160 3671 1201 3722 at,

120 3731 334 3804 coronaturffio).
374 3735 472 3785 Annae
490 3749 504 3783 e
523 3731 665 3785 Sohaudia
681 3681 801 3784 illustris
819 3729 968 3792 adventus,
989 3749 1071 3804 quae,
1090 3733 1202 3797 Byzan-

120 3798 1204 3942 il.'tilii‘titillllllnihilitattlit.tilithi-ll:

119 3937 192 4006 poli,
208 3953 233 3995 et
258 3943 453 4014 imperatorem
479 3957 607 3996 iuuenem
633 3937 751 3994 ludicris
779 3939 887 3994 artibus
906 3941 1066 3994 instituunt.
1102 3941 1204 3994 Persas

120 4009 264 4074 mortona
281 4011 448 4065 caeduntur.
484 4011 642 4080 Imperator
656 4008 752 4080 pedem
767 4012 870 4082 sagitta
889 4011 1067 4064 vulneratur.
1103 4007 1205 4078 Magni

121 4073 254 4134 domusici
270 4083 302 4134 in
318 4099 413 4153 pugna
433 4081 533 4132 uirtus.
569 4077 693 4136 Michael
709 4081 866 4134 idoesorum
885 4098 935 4134 rea
950 4081 1061 4134 lernae
1078 4097 1139 4134 tum
1154 4093 1207 4129 ns-

122 4157 180 4212 pote
196 4148 252 4203 dies
279 4153 390 4222 aliquot
409 4149 514 4202 hilares
531 4152 599 4218 agit.
635 4147 860 4218 Didymotichum
877 4165 1016 4212 reversus,
1042 4147 1075 4201 de
1094 4164 1151 4200 nvo
1169 4146 1204 4198 al

123 4231 152 4268 tt
165 4218 217 4274 siue
240 4237 324 4275 causa
346 4222 472 4276 aliessato
491 4221 620 4274 nuntium
642 4220 746 4290 accipit
758 4219 825 4291 (42).
867 4217 1138 4288 Panhypersebastus
1160 4233 1207 4270 re·
