2986 4862
325 285 411 374 356
722 313 1001 383 mursensem

175 469 499 553 leulaps’mdiperos
528 467 651 552 αύτοῖς,
683 462 722 534 ού
741 467 839 552 μόνον
866 462 905 533 ού
926 470 1136 552 περιεγένοντο
1168 461 1283 552 αύτιῦν,
1314 462 1381 536 ἀλλά

323 572 379 638 καί
395 572 458 636 τιῦν
478 571 599 635 οἰκείων
627 569 787 653 ἀπέβαλον
815 565 889 644 τούς
914 559 1029 660 ἀνδρίᾳ
1058 567 1196 652 μάλιστα
1216 571 1383 655 προέχοντας

321 673 377 736 καί
395 667 509 756 τόλμῃ.
536 671 593 734 καί
610 673 680 749 μετ’
701 662 817 745 αύτούς
837 663 930 732 πάλιν
949 662 1065 755 ἑτέρων
1089 669 1193 734 καίτοι
1216 693 1249 753 γε
1267 663 1385 753 ἀνοήτως

320 764 564 856 προσβαλόντων
584 769 640 834 καί
665 767 795 854 φαύλως
814 760 1058 850 ἀγωνισαμένων
1076 765 1114 832 sd
1135 767 1254 850 δοκεῖν,
1283 764 1321 844 ἀς
1338 769 1383 850 ἐμὲ

320 869 464 955 οἰηθῆναι
486 865 605 943 πάντας
625 859 740 944 αύτούς
765 867 953 952 διαφθερεῖν
972 863 1072 952 ἡμᾶς,
1094 861 1178 950 ὅμως
1197 865 1274 952 πλην
1292 860 1397 950 δλίγυιύ

288 971 385 1034 Droiv
404 957 581 1049 πεσάντων,
602 965 632 1030 oi
650 956 740 1030 ῦλλοι
759 961 873 1041 πάντες
892 962 978 1052 παρά
1001 962 1096 1047 δόξαν
1117 965 1320 1052 διεσώθησαν·
1348 953 1383 1028 ὧν

317 1091 373 1151 μοι
392 1064 451 1133 ναί
469 1068 557 1131 δοκεῖ
571 1060 627 1130 τύν
655 1061 828 1150 στρατηγὸν
857 1059 873 1128 o‘
894 1063 1046 1147 dunelmie
1070 1067 1128 1152 τῆς
1159 1065 1286 1146 ἀταξίας
1310 1065 1383 1128 ἕνεκα

319 1167 365 1244 εἰς
385 1163 443 1251 τὴν
462 1165 620 1252 σωτηρίαν
642 1161 827 1249 ζημιώσειν.
863 1166 899 1230 ἰν
917 1165 1023 1231 τοίνυν
1042 1164 1163 1232 τούτων
1182 1163 1302 1232 πάντων
1320 1157 1384 1236 εἰκὸς

317 1265 374 1332 τδν
400 1265 535 1349 βασιλέα
565 1261 689 1330 οἴεσθαι
713 1265 760 1339 εἰς
786 1261 843 1349 τὴν
868 1259 1039 1351 ῦστεραίαν
1062 1266 1185 1348 μᾶλλον
1213 1259 1384 1352 ἢπρύτεριι

317 1359 503 1452 θαρροῦντα
522 1361 600 1450 ἡμῖν
612 1359 878 1450 ἐπιστρατεύσειν,
899 1358 983 1449 ἡμᾶς
1001 1366 1036 1430 δὲ
1055 1363 1100 1450 μὴ
1118 1367 1310 1448 δυναμένους
1321 1354 1410 1446 opillo

316 1459 375 1550 την
403 1463 511 1548 μάχην
540 1455 719 1546 ἀντισχεῖν,
754 1459 880 1550 φεύγειῦ
910 1462 1027 1552 ἀνάγκη
1053 1463 1244 1552 ἡττηθέντας
1266 1460 1385 1546 αἰσχρῦῖ

260 1631 268 1650 ρ
317 1562 374 1630 ναί
394 1557 549 1649 ἀγεννοῦς.
584 1565 615 1629 εἰ
641 1564 680 1628 δὲ
696 1560 799 1650 παρὸν
827 1558 1000 1641 ἀνωδύνως
1029 1563 1192 1645 σώζεσθαι
1211 1565 1264 1630 καί
1280 1561 1385 1648 προσέτι

316 1664 372 1729 ιιαί
389 1658 446 1749 την
463 1665 500 1729 εἰι
518 1662 576 1748 τῆς
595 1657 687 1748 ἥττης
707 1661 835 1740 ἀδοξίαν
856 1664 1032 1750 διαφυγεῖν,
1054 1661 1174 1751 (ου’δείς
1195 1662 1254 1751 γὰρ
1274 1656 1310 1726 ἀν
1324 1658 1384 1744 ἡμῖν

315 1765 477 1847 μὲμιγαιτο
502 1765 566 1828 τῶν
595 1765 671 1828 νοῦν
697 1759 836 1846 ε’χάντοιν
863 1759 919 1828 τύν
938 1765 1099 1850 προῦπτον
1118 1760 1384 1850 παραστησαμένοις

315 1861 458 1929 κίνδυνον
465 1865 490 1950 ,)
522 1859 624 1928 ἔπειθ’
646 1857 707 1928 sind
730 1863 920 1949 φιλονεικίας
939 1865 986 1939 εἰς
1004 1858 1079 1939 τούς
1098 1861 1255 1947 ἰσχάτους
1273 1852 1408 1930 taedeo

314 1960 549 2046 καταστήσομεν
579 1957 759 2043 κινδύνους,
793 1962 852 2026 σύν
881 1953 945 2050 ἀρα
972 1957 1103 2044 δόξομεν
1130 1960 1317 2048 ἀνσηταινειν
1341 1954 1383 2019 sai

220 2058 529 2146 Ρωθίπιβουλεύειν
542 2055 685 2142 ἓαυτοῑςς
706 2059 756 2127 διὸ
772 2059 811 2147 δή
827 2085 883 2143 μοι
899 2063 955 2128 καί
970 2063 1064 2144 δοκεῖ,
1079 2062 1171 2128 τουτί
1184 2065 1244 2146 μὲν
1256 2056 1290 2126 τύ
1304 2079 1382 2142 στρο-

313 2161 446 2230 τύπεδον
465 2167 659 2244 καταλιπεῖν,
679 2158 791 2248 ἑτέρας
811 2164 847 2228 δὲ
867 2159 985 2240 πολλάς
1006 2155 1227 2248 ἀναχωρήσεις
1240 2151 1382 2244 ἀχυρωτά·

313 2287 370 2339 τας
389 2265 444 2328 καί
464 2258 701 2346 δυσπροσόδους
721 2260 847 2344 ἔχοντος
865 2264 922 2327 τοῦ
943 2258 1052 2344 τύπου,
1074 2260 1119 2337 εἰς
1138 2285 1212 2328 τινα
1227 2259 1325 2326 oderit
1341 2255 1381 2319 ἀλ·

312 2365 383 2427 θεῖν
407 2361 501 2426 κάκεῖ
524 2357 560 2428 τύ
589 2357 825 2446 ἀποβησόμενον
845 2361 1042 2448 περιμένειν.
1077 2364 1205 2445 βέλτιον
1230 2357 1288 2446 γὰρ
1312 2347 1407 2438 tillim
1449 2347 1450 2354 ἰ

313 2452 425 2536 ἀδείας
453 2459 651 2544 ἀναχωρεῖν,
681 2452 703 2545 ἢ
734 2459 874 2546 φεύγειν,
902 2463 965 2526 τάν
984 2461 1159 2543 Ῥωμαίων
1195 2453 1381 2526 διωκόντων.”

314 2563 455 2626 Τοιαῦτα
467 2562 528 2642 μὲν
549 2556 712 2646 Ὀρχάνης
729 2559 812 2642 μετά
833 2562 897 2625 τῶν
917 2562 951 2625 ἕν
962 2561 1045 2626 τέλει
1057 2559 1239 2644 ἐβουλεύετο
1256 2553 1380 2642 Περσῦι,

308 2656 364 2724 καί
383 2653 486 2724 ἐδόκει
507 2649 625 2744 ῦριστα
646 2654 729 2725 εἰναι
749 2657 805 2724 καί
822 2663 1043 2726 λυσιτελοῦντα
1063 2655 1190 2736 ἑαυτοῖς
1210 2661 1264 2726 ιιαί
1281 2659 1381 2736 imp
1448 2729 1449 2738 η

308 2758 434 2845 φίζοντο
464 2757 596 2836 πάντες.
628 2759 815 2845 Κολαούζης
844 2760 880 2824 δὲ
900 2761 1079 2848 Σαλιγγαρί
1106 2759 1162 2826 ναί
1183 2753 1380 2842 Καταιγύιλνῖ

309 2985 381 3043 sent,
399 2985 506 3032 tontum
522 2975 609 3042 abest,
624 2983 657 3033 nt
670 2993 715 3034 eos
729 2977 854 3044 vicerint,
872 2979 955 3032 etiam
972 2975 1008 3032 de
1023 2979 1080 3030 suis
1096 2978 1200 3031 virtute
1217 2982 1245 3031 et
1261 2970 1378 3028 alacritate

307 3049 388 3120 longe
402 3053 563 3120 praecipuos
577 3051 734 3103 amiserunt.
770 3050 834 3103 Post
853 3066 900 3103 eos
916 3066 977 3102 cum
999 3049 1059 3114 elii,
1077 3051 1185 3102 tametsi
1205 3043 1379 3120 imprudenitts

307 3118 337 3170 ln
358 3137 408 3172 nor
432 3122 626 3183 incurrissent,
643 3121 835 3192 infaustoque,
853 3127 885 3172 ut
904 3119 1068 3190 apparebat,
1087 3127 1267 3192 pugnassent,
1285 3123 1313 3168 ut
1332 3125 1379 3162 ert·

307 3187 425 3241 diderim
441 3207 534 3242 omnes
558 3188 701 3244 adunam
735 3191 861 3242 manibus
890 3192 990 3244 nostris
1021 3192 1198 3244 interiectum
1221 3189 1271 3253 iri,
1305 3191 1378 3237 tattttn

307 3257 424 3328 demptis
444 3279 499 3312 non
521 3261 559 3311 ita
581 3261 690 3321 multis,
708 3262 792 3314 ceteri
815 3277 907 3313 omnes
929 3269 1038 3332 praeter
1058 3263 1220 3332 opinionem
1242 3257 1378 3312 evaserunt:

301 3327 423 3400 'quorum
438 3332 520 3382 etiam
535 3329 631 3382 ducem
644 3329 806 3400 imperator,
825 3341 938 3402 propter
959 3331 1084 3385 ordinem
1108 3349 1165 3385 non
1188 3339 1330 3386 servatum.
1346 3335 1378 3371 ⁸²·
1447 3315 1448 3381 i

269 3414 274 3423 ¹
305 3400 432 3453 lutariter
449 3401 611 3452 multaturus
628 3400 744 3452 videtur.
781 3401 819 3452 Ex
840 3399 883 3454 bis
912 3401 1059 3455 verisimile
1079 3403 1126 3468 lit,
1146 3403 1227 3454 illum
1250 3392 1377 3452 maioribut

306 3487 389 3543 qaam
404 3479 483 3524 antes
494 3471 636 3540 spiritibus
652 3472 712 3524 luce
727 3473 842 3526 crastina
856 3489 905 3525 nos
922 3489 1121 3544 aggressurum
1139 3491 1189 3525 nos
1202 3479 1290 3524 autem
1300 3469 1378 3534 uip⁰¹⁶

305 3541 340 3594 ad
357 3541 536 3594 resirtendum
558 3543 710 3596 imbecilles
734 3551 762 3594 et
784 3546 885 3607 victos,
903 3545 1034 3598 illiberali
1056 3561 1088 3596 sc
1107 3552 1152 3596 tur
1172 3545 1181 3595 i
1199 3543 1263 3612 luga
1281 3537 1377 3610 suiten

305 3613 623 3686 volentesnolentesque
643 3616 785 3682 petituros.
816 3614 898 3685 Quod
917 3615 940 3666 si
960 3631 1022 3666 cnm
1042 3616 1128 3668 vitato
1163 3603 1377 3666 lacriminesslrrt

305 3701 363 3736 esse
373 3693 401 3736 et
418 3684 575 3752 ignominia,
592 3701 663 3756 quae
677 3686 762 3736 siclos
780 3685 913 3758 sequitur,
932 3701 1023 3737 carere
1041 3685 1133 3746 liceat,
1153 3685 1245 3754 (nemo
1261 3673 1377 3748 siquide¹¹¹

302 3753 479 3824 prudentium
497 3752 697 3823 reprehendet,
715 3757 737 3806 si
752 3757 903 3825 praevisum
915 3755 1067 3825 periculum
1083 3773 1099 3808 a
1113 3753 1195 3806 nobis
1210 3737 1376 3808 detestemur.)
1446 3787 1447 3800 ι

304 3841 337 3876 ex
348 3826 531 3877 aemulatione
543 3833 661 3876 extrema
673 3827 793 3896 pericula
803 3826 941 3879 nobismet
950 3827 1138 3890 creaverimus,
1156 3843 1193 3876 an
1207 3841 1262 3877 non
1272 3818 1377 3935 deripftt
1446 3801 1447 3871 i

304 3903 332 3945 et
345 3896 397 3964 ipsi
414 3895 550 3963 capitibus
567 3897 667 3948 nostris
686 3905 790 3966 pestem
806 3905 910 3948 struere
924 3895 1114 3949 censebimnri
1132 3892 1311 3964 Quamobrem
1341 3895 1376 3932 ¹¹¹⁶

303 3957 514 4028 discedendum,
533 3973 562 4019 et
582 3968 712 4036 quonism
733 3967 806 4036 regio
827 3967 895 4018 alios
920 3967 1071 4037 complures
1093 3967 1335 4030 munitissimosque
1354 3957 1376 4002 ⁶²

302 4035 448 4104 impervios
470 4053 589 4088 recessus
611 4035 712 4099 babet,
730 4037 850 4106 aliquem
874 4037 1061 4107 occupandum
1081 4045 1110 4090 et
1129 4037 1190 4090 illie
1206 4041 1325 4088 eventum
1338 4039 1377 4074 tx·

302 4105 479 4176 spectandum
495 4106 595 4160 iudico.
632 4109 748 4175 impune
770 4107 843 4158 enim
862 4115 890 4159 et
912 4125 972 4160 curn
987 4109 1134 4162 securitate
1151 4107 1294 4164 recedere,
1310 4105 1376 4166 qum
1445 4149 1446 4170 ,

300 4177 531 4302 persequentibus
553 4179 680 4230 Romanis
705 4177 813 4247 lugere,
829 4187 955 4300 praestat
975 4179 1080 4250 ntique.
1117 4177 1192 4230 llaec
1210 4157 1376 4230 omissuri

322 4263 393 4303 ersas
409 4263 549 4322 proceres3
567 4265 638 4322 qnae
654 4255 686 4302 ut
698 4256 771 4302 reeta
784 4247 828 4303 val
849 4265 864 4302 e
884 4257 914 4306 et
928 4249 1010 4304 utilia
1028 4247 1148 4302 omnium
1169 4243 1300 4316 suffragiis
1319 4249 1375 4289 eoa·
