2946 4872
433 277 527 342 vlTlt
554 271 845 341 castaeorum.
1071 285 1178 346 xxvu

117 459 175 514 turn
191 446 228 510 de
240 467 295 510 sno
314 456 481 531 sumptum,
504 446 685 528 imperatore
697 447 768 508 vivo
789 458 980 534 martncqrm,
995 451 1112 534 saepius
1135 451 1179 516 fe-

117 549 170 610 cit:
196 547 313 610 castella
335 557 366 610 et
386 545 499 630 oppida
520 565 574 606 sua
587 546 715 628 pecunia
736 545 840 608 refecit
868 560 898 610 et
922 551 1112 631 instauravit,
1136 553 1180 614 ci-

117 647 231 730 demque
261 649 436 730 imperatori
460 644 550 706 limus
578 645 796 728 amplissimum
820 667 880 712 sua
894 651 1026 732 impensa
1050 653 1179 714 curavit.

118 744 227 820 durum
240 746 322 829 quod
335 745 448 808 habere
461 746 552 828 gratis
566 756 684 828 poterat
698 749 888 828 contempsit.
930 747 1016 810 Pacis
1047 760 1077 810 et
1107 771 1181 812 con-

117 845 225 910 cordiae
243 847 310 930 quia
333 844 388 908 illo
411 843 568 928 cupidior?
590 845 667 924 Quis
686 845 823 906 barbaris
847 856 876 908 et
898 845 1061 910 idololatris
1080 849 1181 910 inimi·

119 946 197 1023 cing?
232 946 300 1008 Nou
314 955 414 1027 potest
426 966 482 1028 pro
496 944 640 1028 dignitate
655 942 820 1008 collaudari
834 944 925 1008 huius
938 947 1183 1029 praestantissimi

118 1046 248 1128 principis
276 1044 455 1106 admiranda
476 1043 602 1124 leuitas,
629 1055 660 1106 et
691 1044 730 1106 ad
761 1043 969 1126 deponendam
991 1043 1185 1107 offensionem

119 1145 282 1232 tertiamque
300 1143 494 1205 tribuendam
513 1142 701 1225 suspicienda
725 1141 872 1222 facilitas,
904 1144 1118 1206 beneficiorum
1139 1143 1184 1204 al·

118 1243 225 1304 tissima
236 1243 422 1322 recordatio,
448 1253 479 1304 et
493 1244 525 1304 iu
547 1244 651 1326 gratiis
672 1242 793 1326 agendis
814 1243 1075 1306 commemoranda
1094 1243 1183 1306 scdu-

119 1338 195 1410 litas.
222 1343 326 1404 Omnia
348 1342 397 1404 his
408 1341 493 1404 libris
514 1341 679 1426 gratiarnm
693 1343 859 1404 actionibus
873 1343 982 1406 referta
995 1354 1075 1404 sunt.
1094 1343 1185 1404 Sum-

121 1459 167 1501 ma
187 1453 330 1524 praeterea
354 1443 387 1504 in
408 1444 536 1526 negotiis
557 1443 755 1525 procurandis
775 1441 949 1526 diligentia,
974 1441 1184 1524 etvigilnntia,

119 1539 255 1622 animique
267 1539 386 1622 religio.
408 1540 650 1620 Monachisruum
662 1543 783 1625 quantis
795 1543 974 1626 praeconiis,
993 1543 1077 1604 Deus
1093 1541 1184 1620 bone,

117 1650 144 1700 et
156 1640 269 1722 quidem
282 1643 391 1722 toties,
418 1640 618 1706 cohonestat?
647 1663 682 1704 ac
696 1642 819 1702 taudem
840 1643 905 1724 ipse
927 1643 959 1702 in
982 1642 1185 1722 Mangaucuse

117 1742 314 1813 pomaerium
328 1761 425 1824 prope
439 1740 730 1824 Constantinopolim
749 1762 781 1802 se
806 1739 892 1802 ultro
923 1761 958 1802 ac
980 1739 1077 1802 libens
1089 1740 1186 1802 inclu-

117 1834 171 1916 dit,
196 1861 262 1902 cum
283 1841 445 1924 imperium
459 1843 589 1904 retinere
602 1843 760 1924 potuisset,
782 1851 817 1902 ut
834 1839 951 1904 videbis
966 1839 1019 1902 lib.
1034 1837 1064 1920 4.
1104 1839 1187 1902 Tan-

117 1938 281 2020 tomabest,
310 1951 346 2002 ut
366 1961 403 2004 eo
423 1942 522 2024 ipsum
546 1942 673 2002 loannes
689 1939 886 2022 Palaeologus
908 1943 1006 2004 victor
1027 1937 1182 2021 compule-

118 2035 169 2116 n't,
193 2039 272 2122 quod
295 2037 420 2123 quidam
444 2039 535 2102 huius
557 2051 678 2102 nostrae
699 2039 842 2102 historiae
862 2039 998 2124 funditus
1018 2039 1116 2122 ignari
1129 2059 1188 2100 nu·

117 2148 222 2216 gantur.
261 2140 379 2202 Coniux
393 2160 484 2223 pono
497 2140 632 2202 lrcnein
648 2140 841 2217 monasterio,
856 2159 874 2200 a
890 2137 1011 2202 Martha
1033 2137 1188 2200 Michaelis

116 2237 193 2316 puni
213 2237 386 2322 Palaeologi
406 2259 510 2300 sorore
530 2235 724 2318 consaueto,
752 2236 931 2323 monacham
951 2237 1060 2304 induit.
1096 2228 1181 2298 ‘Ps-

113 2329 203 2409 μαίων
221 2350 255 2400 tu
284 2339 429 2423 quidem,
456 2327 526 2402 ἀλλ’
547 2334 588 2400 osi
600 2329 793 2418 ’Ῥωμαϊκὸν
809 2337 961 2418 βασιλέα,
981 2335 1104 2413 laudas,
1132 2336 1181 2396 in-

117 2435 184 2512 quis·
223 2438 290 2522 Ego
306 2459 381 2502 vero
394 2440 485 2502 etiam
502 2437 671 2522 Agesilaus,
693 2436 901 2516 Alexandros,
918 2435 1022 2516 lulios,
1042 2446 1072 2496 ct
1086 2435 1181 2496 Pom-

113 2532 203 2618 peios,
226 2537 362 2602 ethnicos
386 2549 417 2602 et
440 2537 633 2620 idololatras,
656 2557 744 2619 saepe
762 2535 903 2598 laudavi:
928 2545 959 2596 et
972 2537 1113 2598 virtutem
1132 2534 1181 2596 vel

114 2629 141 2692 in
165 2633 243 2702 hoste
262 2636 445 2718 aruahilem„
471 2638 594 2720 eiusque
615 2636 750 2720 exempla
768 2658 787 2698 a
807 2655 1007 2718 quocunque,
1029 2644 1060 2696 et
1082 2631 1180 2718 quali·

114 2747 216 2816 totque
227 2737 373 2800 summda
384 2736 471 2798 nohis
486 2757 550 2798 esse
570 2737 727 2799 confirmo.
768 2736 825 2798 Est
837 2737 919 2798 enim
932 2735 1036 2796 cadem
1048 2753 1179 2814 semper,

113 2845 163 2890 nec
186 2834 245 2896 eius
264 2833 405 2920 splendor
427 2835 615 2914 imrnnrtalis
629 2838 805 2918 citiusquarn
819 2835 957 2896 sordibus
971 2843 1069 2916 potest
1089 2831 1178 2892 obso-

113 2922 215 3000 lescere,
439 2957 441 2964 ν

182 3031 357 3122 incredibile
371 3044 539 3097 memoratu
561 3045 606 3100 est
617 3079 628 3113 ,
639 3043 769 3118 quantae
791 3033 855 3094 eius
868 3032 993 3115 copias,
1009 3028 1176 3112 facultates,

113 3133 200 3209 quati
221 3135 367 3216 pecuniae
384 3134 517 3197 thesauri
539 3134 674 3215 suerint,
699 3133 738 3196 de
759 3133 870 3216 quibus
890 3133 982 3194 variis
1013 3129 1087 3192 locis
1114 3133 1178 3214 ipse

113 3229 272 3314 eonfitemr,
300 3245 331 3296 et
353 3255 408 3318 ego
437 3235 538 3296 vuum
565 3255 689 3318 masan
721 3235 908 3316 vanitatique
932 3230 1176 3308 infensissimum,

113 3324 146 3388 td
155 3327 221 3396 haec
233 3336 326 3396 ctiam
341 3333 532 3418 religiosum,
555 3335 676 3396 mentiri
688 3354 750 3410 non
762 3343 849 3416 puto.
893 3328 1027 3408 Insulas,
1052 3327 1175 3412 oppida,

115 3427 216 3494 maffia
235 3435 268 3496 in
290 3433 399 3518 opibus
422 3436 484 3496 suis
504 3445 650 3497 recenset.
692 3433 858 3496 Peamiam
880 3451 971 3512 sane,
998 3449 1091 3513 quam
1114 3429 1175 3511 By·

114 3529 204 3609 suti,
231 3543 262 3596 et
284 3535 316 3596 in
340 3533 407 3596 aliis
426 3533 554 3598 urbibus
575 3555 629 3618 per
649 3533 813 3612 Thraciam
828 3530 910 3615 apud
931 3530 1042 3606 amicos
1056 3529 1175 3611 deposi-

112 3629 164 3685 lffll
174 3625 312 3712 habehat,
334 3652 390 3696 nec
403 3633 473 3716 ipsi,
499 3635 553 3716 qui
569 3632 696 3720 eandem
709 3633 917 3714 diripuerunt,
943 3629 1068 3707 irrimici,
1081 3647 1176 3710 quam
1237 3705 1247 3728 ¹

112 3736 204 3806 'mgna
223 3743 322 3810 esset,
351 3753 408 3815 pro
429 3743 513 3794 certo
536 3733 655 3820 novisse
676 3742 849 3814 potueruut.
901 3729 1027 3806 Tritici,
1055 3725 1175 3802 hordei,

111 3817 234 3912 Qum,
255 3831 467 3916 fructuumque
487 3823 669 3896 infiniu'ilti
683 3833 788 3915 copia,
813 3825 1046 3892 innumerabiles
1066 3825 1175 3888 acervi.

112 3913 192 3987 licum
225 3931 409 4014 pascualium
437 3944 576 3994 numerat
599 3933 732 4015 quinque
763 3929 878 4009 millia,
922 3937 1076 3988 aratorum
1106 3927 1175 4006 iuga

111 4019 197 4108 mille,
220 4051 311 4115 equas
336 4032 491 4116 pascuales
518 4031 600 4094 mille
625 4034 827 4114 quingentas,
857 4025 986 4090 camelos
1016 4025 1172 4097 ducentos,

112 4121 195 4192 udos
216 4143 388 4212 amenus,
416 4135 513 4198 asinos
536 4133 735 4216 quingentos,
760 4149 921 4215 porcorum
943 4123 1170 4211 quinquaginta,
