3018 4860
277 231 360 318 268
685 251 962 368 mmamnmr

31 489 33 498 y
131 418 342 490 aeramine
367 418 431 489 τοῖς
449 409 629 497 συμμάχοις
638 395 873 496 ,έγκατέκλεισεν
898 408 983 489 ἐντὸς
1004 413 1134 496 ταχύν,
1161 415 1243 498 μηδὲ
1264 413 1356 482 ἀντο-

200 533 208 544 ‘
278 515 467 602 φθαλμῆσαι
489 514 697 597 δυνηθέντας·
717 513 891 592 ἀναζεύξας
912 513 947 576 δὲ
967 508 1061 576 πόλιν
1081 513 1126 588 εἰς
1146 516 1269 595 Ζίχνα,
1295 511 1357 578 τόν

276 637 312 678 τε
332 609 614 696 παρακοιμύμενον
638 611 843 693 Ἀπόιιαυχον
861 613 916 677 κατ’
937 610 1079 690 Ἀλέξιον
1096 610 1151 676 τόν
1172 612 1356 678 Παλαιολό-

279 735 334 796 γον
353 714 516 796 πέπομφεν
536 711 698 794 ἐνταῦθα,
720 698 881 797 πρόφασιν
899 711 973 792 μὲν,
995 709 1038 786 τός
1057 710 1138 797 πρὸς
1156 708 1211 776 τόν
1231 713 1356 798 ε’πιτρα-

249 807 408 878 Βπεύονια
442 810 670 894 Θεσσαλονίκης
696 812 796 892 μέγαν
822 809 1097 896 στρατοπεδάρχην
1124 806 1179 874 τόν
1208 810 1374 890 Χούμνον5

276 910 331 974 καὶ
356 905 412 974 τόν
442 909 668 994 μητροπολίτην
698 911 1060 994 διαπρεσβευσαμένους·
1089 911 1128 995 τῇ
1148 908 1170 971 δ
1174 913 1184 939 '
1204 908 1339 998 ἀληθείᾳ
1345 922 1374 992 ,“

275 1015 342 1083 τοῖς
360 1004 401 1072 τό
421 1002 528 1072 αύτάν
556 1005 727 1094 πράττουσι
747 1006 855 1094 κρύφα
879 1010 1115 1088 διαλεξομένους
1138 1003 1194 1070 καί
1211 996 1280 1088 ἅμα
1300 1031 1356 1070 κα-

274 1105 548 1186 τασκοπεύσυντας,
568 1107 599 1170 εἰ
616 1107 849 1190 Θεσσαλονίκην
869 1105 1089 1189 ὑπαγαγέσθαι
1104 1101 1246 1170 δυνατόν.
1270 1101 1354 1189 παρύ

275 1210 336 1290 μὲν
363 1197 419 1270 σύν
438 1207 494 1286 τῆς
523 1201 628 1290 φήμης
647 1205 780 1270 τοιαῦτα
801 1207 1034 1290 διεθρυλλεῖτο·
1054 1200 1152 1268 πολλοὶ
1173 1204 1209 1268 δὲ
1229 1201 1357 1286 ἀνερευ-

276 1303 374 1389 νὴσας
404 1302 422 1366 ό
444 1304 591 1383 Χούμνος
621 1297 703 1368 ύστε
723 1299 778 1368 τὸν
799 1296 1028 1386 ἀπαγγειλαντα
1048 1299 1088 1366 τό
1110 1303 1242 1368 τοιαῦτα
1270 1303 1392 1377 ἔξεο-ιο

276 1401 358 1492 ρεῒν,
387 1401 444 1466 ούκ
472 1400 624 1488 ἠδυνήθη.
663 1395 749 1483 ὅμως
768 1401 804 1468 δέ
833 1401 936 1466 έδόκει
955 1405 1125 1466 λυσιτελεῖν
1145 1397 1231 1486 αύτῷ
1251 1422 1287 1463 τε
1307 1394 1360 1461 κατ’

276 1503 509 1591 μητροπολίτη,
529 1503 574 1578 εἰς
593 1501 651 1586 τὴν
671 1499 839 1588 ὑστεραίαν
859 1501 904 1578 εἰς
924 1498 1105 1587 Χορταίτου
1126 1496 1182 1563 τόν
1197 1519 1358 1584 μητροπο-

276 1601 366 1685 λίτην
393 1598 548 1680 έλθόντα,
575 1596 630 1666 τόν
655 1623 689 1666 τε
708 1597 929 1684 Παλαιολόγυν
943 1595 1086 1675 Ἀλέξιυν
1106 1594 1235 1663 καὶτὸν
1254 1619 1357 1682 παρα-

276 1698 470 1785 κοιμιύμενον
489 1695 543 1764 τόν
558 1692 777 1783 Ἀπόκαυχον,
797 1695 860 1782 εἴγε
881 1691 986 1783 ἀληθῆ
1005 1693 1046 1761 τύ
1068 1695 1142 1782 περὶ
1161 1687 1268 1780 αύτῶν
1290 1695 1359 1758 δια-
1478 1711 1479 1782 η

247 1801 496 1885 ςθρυλληθέισα
516 1794 563 1882 εἴη
574 1847 584 1879 ,
604 1793 648 1873 ὥς
676 1799 809 1881 βασιλέα
835 1791 1045 1882 ἀναστρέφειν
1074 1795 1228 1875 κελεύειν,
1257 1787 1301 1866 οός
1322 1788 1394 1856 αύι5
1478 1789 1479 1830 ³

277 1898 601 1982 συγχυρηθησομένης
629 1895 736 1973 αύτσϊς
766 1895 822 1979 τῆς
849 1895 895 1970 εἰς
924 1891 1154 1977 Θεσσαλονίκην
1183 1888 1315 1956 εἰσόδου.
1330 1887 1361 1952 εδ

278 1998 313 2060 δ’
331 1995 495 2060 ἀπειθοῖεν
514 1991 569 2058 καὶ
586 1992 745 2077 βιάζοιντο
764 1989 823 2078 τὴν
844 1987 963 2081 ἄφιξιν,
984 1993 1223 2079 προαναφωνεῖν
1241 1987 1360 2069 αύτοϊς,

278 2093 323 2168 oie
346 2089 568 2178 εῖρχθὴσονται
589 2088 843 2174 ἐπιβουλεύοντες
863 2089 970 2166 αύτοῖς
989 2083 1043 2155 eds*
1067 2087 1255 2173 βουλόμενοι
1281 2087 1360 2153 Θεσ-

210 2185 217 2202 ’
276 2191 444 2276 σαλονίκην
475 2189 651 2275 ἀποστῆσαι
681 2188 847 2274 βασιλέως.
873 2191 1018 2272 Ἰτοιαῦτα
1044 2187 1075 2255 οἱ
1108 2190 1168 2272 μὲν
1197 2188 1274 2272 περὶ
1299 2187 1360 2251 τῶν

279 2289 499 2354 ἀκουσθένσοον
536 2286 761 2372 ἐβουλεύσαντο
793 2284 954 2374 πράττειν,
994 2283 1061 2370 ἅμα
1095 2289 1131 2360 δέ
1158 2289 1199 2374 ap
1231 2286 1278 2362 εἰς
1304 2282 1393 2368 neimo
1478 2277 1479 2334 ἶ

279 2389 429 2454 ἓπιούσαν
450 2382 468 2452 ό
488 2386 717 2473 μητροπολίνης
735 2389 794 2470 μέν
817 2381 948 2452 κατύτό
966 2385 1115 2472 σύνθημα
1130 2383 1187 2470 τὴν
1209 2385 1255 2460 εἰς
1276 2388 1361 2469 Χορ-

218 2543 227 2550 .
279 2485 388 2552 ταίτου
407 2478 478 2574 Ιᾔει·
496 2485 512 2552 ό
529 2488 564 2551 δέ
579 2509 614 2569 γε
635 2487 784 2568 Χούμνος
802 2483 870 2568 ἅμα
886 2493 952 2562 τοῖς
971 2481 1053 2573 ἀμφ’
1074 2481 1172 2550 αύτόν
1190 2484 1245 2568 τῆς
1265 2501 1361 2568 προσ-

279 2587 508 2671 αγορευομένης
526 2587 589 2649 τῶν
611 2579 808 2668 Ἀσοομοὶτων
828 2585 926 2671 πύλης
946 2581 1100 2668 έξελθοόν,
1119 2578 1154 2667 ό,
1170 2609 1203 2649 τι
1223 2576 1265 2648 ἀν
1285 2581 1360 2646 ἀπο-

202 2672 205 2681 “
280 2684 357 2770 βαίη
383 2687 490 2764 ἵστατο
514 2686 717 2768 ἀποσκοπῶν,
747 2683 804 2750 καί
832 2686 853 2769 ἢ
883 2683 971 2760 πόλις
1002 2688 1090 2750 πᾶσα
1110 2681 1270 2769 μετέωρος
1284 2678 1361 2768 πρός

249 2781 338 2862 »τός
368 2785 477 2871 φήμας
507 2775 556 2870 ἧν.
593 2794 660 2866 τοῖς
689 2789 799 2867 μέντοι
829 2787 958 2852 δοκούσι
977 2781 1024 2866 τύι
1038 2783 1193 2867 βασιλέως
1210 2783 1269 2848 τού
1288 2781 1392 2848 vireat

248 2931 250 2935 ’
283 2936 409 2990 balorum
436 2934 558 2990 subsidio
578 2937 649 2990 intra
668 2952 757 2990 muros
785 2899 964 2999 conclusisse,
988 2951 1058 3058 φαεε
1082 2951 1118 2988 ne
1141 2939 1280 3005 aspectum
1300 2932 1359 3003 qui·

281 3005 344 3059 dem
367 3010 425 3059 cius
443 3009 650 3074 sustinuissent3
678 3025 812 3060 reversum
829 3005 969 3082 Zichpam,
1011 3006 1179 3076 pocauchum
1205 3022 1220 3056 a
1247 3004 1358 3057 cubicu-

280 3076 316 3128 lis
335 3085 363 3129 et
382 3078 507 3129 Alexium
525 3078 711 3146 Polaeologum
730 3095 762 3129 eo
779 3078 898 3140 misisse,
922 3079 952 3130 io
978 3079 1097 3146 speciem
1142 3075 1252 3140 uiden,
1278 3081 1311 3126 ut
1327 3069 1359 3124 ad

280 3147 450 3214 praelectum
466 3145 674 3200 Thessalonicae
686 3145 840 3198 Chomnum
857 3164 981 3216 magnum
996 3094 1243 3217 shntopedarehnm
1259 3152 1289 3196 et
1303 3159 1359 3196 me·

281 3216 477 3283 tropolitanum
504 3217 621 3284 legatos3
654 3231 683 3269 re
707 3216 783 3284 ipsa,
808 3223 839 3267 ut
867 3233 928 3268 cum
952 3235 1060 3269 suorum
1082 3219 1200 3286 partium
1230 3213 1359 3267 studiosis

282 3283 483 3338 clandestinum
503 3293 624 3338 sererent
641 3285 808 3356 colloquium
827 3286 962 3356 simulque
989 3288 1208 3358 specularentur,
1233 3293 1360 3354 possetne

281 3351 333 3406 sub
352 3353 485 3407 ditionem
505 3355 632 3425 subiungi
655 3356 758 3406 civitas.
800 3355 874 3407 llaec
896 3357 1007 3426 quidem
1026 3359 1096 3408 fama
1117 3356 1360 3420 disseminabatur,

270 3425 359 3484 ,culus
378 3435 514 3478 auctorem
533 3425 688 3488 Chumous,
707 3427 815 3478 tametsi
831 3427 917 3480 multa
936 3429 1114 3498 inquisitione
1135 3424 1291 3490 adhibitio,
1317 3425 1362 3475 in-

281 3493 375 3548 venire
392 3513 448 3548 non
465 3498 564 3564 potuit⁴
601 3495 694 3548 Nihilo
712 3497 800 3548 minus
818 3513 852 3554 cx
869 3515 898 3550 re
919 3515 966 3550 sua
984 3506 1011 3550 ct
1022 3497 1226 3567 metropolitani
1241 3497 1360 3547 futurum

282 3565 406 3628 censuit,
425 3568 449 3619 si
468 3567 516 3630 illc
534 3574 643 3635 postero
661 3565 707 3634 dle
725 3565 871 3621 Chortnetu
923 3567 1076 3636 proiectus,
1101 3569 1228 3619 Aleaium
1250 3566 1361 3618 Palaeo-

281 3635 373 3708 logum
389 3644 418 3689 et
434 3636 634 3706 Apocauchum,
660 3637 683 3688 si
702 3651 780 3689 verus
800 3585 1037 3708 essetndlssipatus
1062 3653 1166 3699 rumor,
1184 3634 1219 3686 ad
1243 3637 1360 3706 impers-

280 3713 368 3758 torem
386 3705 555 3761 retrocedere
573 3705 739 3760 hortaretur:
758 3725 813 3760 non
831 3711 904 3760 enim
916 3709 1139 3778 Thessalonicam
1158 3705 1307 3758 admissum
1320 3704 1360 3757 iri.

282 3775 312 3826 Si
332 3777 497 3848 refragantes
517 3793 549 3828 eo
568 3793 669 3830 summa
686 3777 712 3828 ri
731 3777 937 3842 contenderent,
953 3777 1140 3848 praediceret,
1158 3785 1298 3846 tamquam
1319 3777 1362 3827 in·

282 3845 427 3900 sidlatores
445 3856 474 3901 et
490 3846 586 3899 urbcm
603 3847 637 3899 ab
663 3847 825 3916 imperatore
844 3858 963 3902 avertere
982 3847 1144 3910 studentes,
1170 3848 1200 3898 in
1226 3860 1359 3904 carcerem

280 3914 438 3974 tradendos.
472 3917 545 3970 llaec
558 3918 601 3970 illi
616 3933 696 3985 super
712 3917 813 3970 auditis
828 3919 915 3972 lacere
930 3921 960 3970 in
973 3920 1093 3970 animum
1107 3917 1284 3970 induxerunt.
1311 3915 1361 3966 llio

281 3985 384 4048 allero,
403 3988 460 4040 sole
482 3990 603 4050 recenti,
629 3989 852 4058 metropolitanus
877 4007 911 4040 cn
939 3989 1065 4042 condicto
1088 3989 1159 4040 viam
1186 3985 1360 4039 Chortactun

281 4072 373 4108 versus
391 4059 520 4128 arripuit,
542 4057 679 4110 Chumnus
704 4074 764 4108 cum
781 4059 910 4111 comitatu
934 4077 982 4112 suo
1009 4066 1106 4128 porta,
1126 4073 1196 4129 qnae
1215 4057 1360 4110 Asomaton

282 4135 408 4191 vocatur,
427 4145 562 4198 egressus,
580 4143 667 4180 rerum
685 4133 812 4190 eventum
831 4129 1000 4182 observabat.
1037 4128 1151 4180 Aetola
1169 4125 1236 4180 urhe
1258 4125 1360 4177 aiam

281 4196 427 4264 pendebat
453 4198 580 4256 Ceterum
597 4199 646 4262 its,
666 4197 714 4270 qui
731 4197 765 4250 ab
784 4199 944 4269 imperatore
959 4189 1206 4264 videbantur'esso,
1223 4195 1357 4254 ulium
