2946 4872
308 927 855 1008 ΙΑΟΟΒΙῬΟΝΤΑΝΙ
889 931 1262 1010 PRAEFATIO.
1329 993 1332 998 .

302 1579 331 1639 ui
353 1573 391 1637 de
408 1575 531 1636 Graecis
548 1575 580 1636 in
600 1573 744 1636 Latinum
764 1585 941 1637 convertere
959 1575 1197 1661 aggrediuntur,
1217 1574 1256 1638 'et
1274 1575 1331 1638 bo·

247 1700 303 1741 nos
328 1678 489 1760 scriptores
518 1674 612 1738 veluti
637 1673 779 1736 mortales
810 1679 1005 1758 peregrinos,
1053 1688 1145 1760 atque
1170 1676 1209 1738 ab
1227 1678 1335 1738 exteris

248 1777 421 1859 regionibus
437 1775 478 1836 ud
496 1795 528 1836 se
544 1777 746 1852 ventitantes,
775 1775 907 1857 hospitio
929 1775 1103 1837 humaniter
1136 1797 1172 1839 ac
1205 1775 1336 1858 benigne

247 1879 416 1958 accipiunt,
453 1895 564 1957 eosque
580 1876 696 1956 patriae
719 1895 791 1934 suae
811 1874 964 1958 linguam,
993 1897 1116 1955 mores,
1144 1887 1176 1938 et
1196 1877 1336 1938 instituta

247 1975 356 2036 docere
376 1984 544 2053 conantur,
572 1993 634 2057 quo
658 1973 781 2055 (contra
804 1995 896 2056 quam
920 1973 994 2035 olim
1019 1973 1102 2036 civili
1127 1974 1337 2035 Romanorum

247 2076 314 2136 iure
342 2072 600 2157 permittebatur,
634 2091 690 2156 per
720 2072 803 2156 quod
827 2073 957 2135 duarum
982 2075 1140 2136 civitatum
1168 2073 1244 2136 civis
1272 2091 1337 2134 esse

246 2196 337 2253 nemo
358 2175 495 2258 poterat)
524 2175 557 2235 in
579 2183 735 2256 posterum
752 2193 814 2235 non
835 2177 935 2236 minus
958 2177 1039 2236 inter
1060 2175 1206 2252 Latinos,
1243 2187 1337 2255 quant

246 2275 326 2336 inter
349 2277 480 2336 Graecos
499 2275 634 2358 profiteri
656 2283 789 2356 queant,
821 2295 880 2336 nae
898 2273 943 2336 illi
958 2295 1070 2337 munus
1090 2295 1162 2336 sane
1179 2271 1335 2356 pulcrum,

244 2373 405 2456 utilitatis,
436 2373 690 2456 iucunditatisque
718 2371 863 2457 plenmnr
907 2374 987 2437 addo
1014 2377 1126 2453 etiam,
1156 2375 1215 2436 nisi
1239 2375 1273 2434 in
1300 2391 1338 2434 eo

246 2476 489 2540 exercitationem
512 2477 574 2535 iuro
605 2476 759 2557 ceperint,
796 2474 975 2558 impeditum
1011 2495 1047 2536 ac
1072 2473 1258 2538 laboriosum
1283 2491 1337 2554 ag·

245 2573 435 2655 grediuntur.
477 2574 561 2654 Quid
586 2577 689 2653 enim,
710 2574 842 2656 amabo,
864 2559 934 2636 cum
959 2576 1102 2637 universo
1125 2595 1234 2658 genere
1255 2571 1338 2632 litte-

244 2694 370 2756 ramm,
391 2685 458 2736 tum
472 2674 590 2736 duabus
609 2675 692 2736 hisce
711 2673 840 2758 linguis,
864 2677 980 2736 Graeca
1010 2674 1124 2737 scilicet
1154 2695 1190 2736 ac
1213 2674 1336 2747 Latine,

244 2775 356 2856 quibus
379 2775 521 2854 divinae,
550 2774 760 2858 humanaeque
777 2786 877 2856 artes,
907 2787 938 2838 et
959 2777 1101 2839 scientiae
1117 2795 1224 2836 omnes
1239 2774 1339 2834 conti·

244 2885 375 2953 nmtur,
412 2873 618 2958 praeclarius?
667 2875 742 2958 quid
765 2875 953 2960 elegantius?
990 2897 1121 2960 quamm
1152 2876 1186 2934 in
1207 2883 1340 2952 utroquo

245 2985 426 3056 versantur,
459 2977 512 3059 qui
533 2975 571 3036 dc
592 2974 687 3037 altera
707 2978 740 3037 in
765 2975 891 3038 alterum
915 2977 997 3038 bona
1022 2977 1134 3060 scripta
1158 2971 1337 3052 hunslerre,

233 3083 277 3132 .et
300 3072 339 3133 de
365 3067 574 3136 doctrinarum
597 3075 784 3153 candidatis,
818 3095 934 3158 perque
954 3075 1022 3137 illos
1042 3074 1081 3136 dc
1105 3074 1264 3135 hominum
1284 3091 1338 3154 ge-

245 3192 320 3235 ncrc
345 3193 437 3255 quam
464 3175 578 3256 optime
595 3177 705 3235 mereri
722 3175 814 3257 (quod
836 3179 936 3259 ipsum
957 3187 1003 3238 est
1021 3176 1160 3260 inprimis
1176 3170 1338 3254 laudabile)

247 3275 438 3335 annituntur.
486 3275 619 3336 Etcum
643 3276 908 3338 etiamnum'haud
928 3297 1025 3360 pauca
1049 3279 1082 3338 in
1104 3277 1228 3338 Graccis
1253 3271 1339 3334 codi-

189 3423 193 3434 .
248 3372 355 3452 cibus,
382 3395 438 3458 per
456 3373 635 3437 illustriores
650 3379 893 3460 praepotentium
920 3399 956 3439 ae
988 3379 1162 3461 principum
1184 3376 1338 3451 virorum,

248 3481 279 3534 ct
305 3471 600 3554 rerumpublicamm
633 3475 831 3540 bibliothecas
863 3475 968 3538 abdita
1003 3487 1034 3538 et
1069 3475 1186 3537 inclusa
1210 3472 1338 3550 lateant,

248 3573 359 3654 quibus
382 3573 414 3632 in
442 3585 580 3656 apertum
604 3576 733 3658 proditis
758 3599 910 3656 crescere,
946 3597 981 3638 ac
1007 3577 1169 3659 propagari
1190 3573 1285 3658 possit
1306 3571 1338 3632 in

248 3693 370 3734 omnem
388 3684 507 3756 partem
528 3685 633 3738 nostra
657 3676 808 3758 eruditio,
845 3698 951 3740 eorum
969 3675 1088 3756 studia,
1117 3676 1170 3758 qui
1198 3673 1230 3736 id
1250 3691 1339 3756 prae·

249 3784 350 3853 stant,
372 3773 504 3836 fluctum
526 3776 605 3838 serre
619 3799 819 3862 permagnum
838 3781 906 3862 quis
920 3777 1125 3842 inficiabitur?
1164 3773 1226 3836 Sed
1240 3792 1338 3854 quan-

249 3894 342 3956 quam
368 3873 455 3936 labor
483 3877 510 3936 is
533 3875 631 3938 adhuc
656 3879 826 3957 tironibus,
863 3897 1091 3961 paucorumque
1118 3872 1340 3958 stipendiorum
1410 3949 1424 3976 ,

251 3973 397 4034 militibus
429 3977 584 4057 operosior
609 3977 736 4041 accidit:
778 3987 940 4060 propterea
965 3976 1048 4060 quod
1078 3971 1230 4059 permulta
1264 3973 1340 4033 vitiu

251 4083 281 4134 ct
299 4083 419 4155 peccata
442 4087 625 4152 occurrunt,
654 4099 732 4159 quae
759 4079 856 4139 vitare
881 4063 1071 4138 difficilc'est
1095 4075 1190 4156 (cuius
1213 4073 1257 4134 rei
1278 4091 1339 4131 uon

252 4171 317 4234 levc
339 4186 568 4258 argumentum,
591 4177 672 4262 quod
694 4199 763 4242 cum
787 4181 964 4262 interpretes
978 4197 1074 4264 poene
1094 4167 1339 4250 innumerabiles,
