2946 4872
307 318 509 419 anamotus
537 321 752 385 PAlllSlNAE
780 323 1017 388 PRAEFATIO.
1175 329 1215 390 tx

132 489 176 553 D.
193 490 233 553 de
244 491 364 576 Noyers
384 495 447 578 regi
465 491 505 554 ab
522 491 635 552 intimis
650 489 781 552 consiliis
799 501 829 551 et
853 495 994 570 secretis,
1022 497 1108 556 euius
1125 517 1215 559 cinae

131 591 268 652 aedilicia
298 593 401 675 regia,
440 601 540 670 artes,
574 594 697 674 ipsaque
727 593 926 674 typographia
964 597 1046 676 regia
1071 600 1216 678 permissa

131 704 221 770 sunt,
254 713 311 774 pro
335 691 479 776 singnlnri
502 681 688 752 humanitate
707 711 781 768 sua,
809 713 926 772 proque
941 694 1044 756 innato
1066 716 1127 756 uon
1146 696 1215 757 vul·

134 795 198 874 gari
219 815 289 875 erga
305 793 421 854 litteras
439 790 566 870 affectu,
596 811 725 874 quarum
742 793 988 874 propagationem
1005 795 1043 880 ad
1067 817 1216 857 summam

132 891 351 972 rempublicam
380 893 531 974 pertinere
560 891 656 974 probe
684 892 759 968 scit,
795 893 896 950 statim
926 893 1073 976 optimum
1104 895 1216 956 laottrm

133 991 231 1051 videri
255 991 312 1052 sibi
329 991 527 1074 significavit,
556 1002 590 1052 ut
608 988 772 1069 δίγλωττος
795 989 935 1051 ederetur
957 1001 1062 1052 auctor
1083 991 1151 1055 luce
1168 989 1215 1055 di-

134 1091 315 1170 gnissimus,
358 1111 420 1174 qno
444 1101 588 1172 utrosque
612 1092 676 1150 voti
702 1099 856 1172 compotes
878 1089 1005 1152 faceret:
1037 1103 1131 1174 utque
1153 1095 1216 1177 ipse

133 1188 360 1252 Cmtamuenus
377 1211 447 1252 cum
465 1193 554 1252 tineis
572 1200 602 1252 et
623 1188 725 1250 blattis
743 1211 878 1272 pugnare
900 1189 1067 1270 desineret,
1096 1196 1149 1275 qui
1170 1205 1217 1256 tot

131 1309 253 1371 pugnas
272 1301 452 1372 pugnasset,
472 1286 578 1373 totque
596 1291 754 1350 hominurn
775 1300 911 1372 strages,
929 1293 1105 1378 priusquam
1129 1315 1146 1354 e
1168 1297 1216 1356 vi-

133 1409 245 1450 vorum
264 1411 390 1452 numero
411 1393 607 1468 eximeretur,
629 1388 787 1450 edidisset:
810 1411 871 1472 quo
893 1389 971 1452 facto
989 1395 1107 1474 egregio
1127 1414 1217 1456 nemo

129 1509 204 1550 sane
220 1491 338 1573 sapiens
357 1490 414 1551 ibit
429 1491 561 1570 inficias,
588 1489 824 1550 illustrissimum
844 1491 945 1550 virum
974 1494 1087 1573 optime
1102 1491 1140 1553 de
1165 1491 1216 1554 lit-

1 1569 2 1644 i
130 1590 206 1652 teris
229 1611 293 1654 esse
312 1591 532 1672 presumimus,
569 1609 664 1670 eoque
681 1591 803 1652 nomine
823 1592 927 1650 amicas
948 1593 976 1652 ei
993 1593 1104 1673 gratim
1125 1613 1216 1674 agen-

131 1685 196 1754 das.
236 1690 322 1768 Quin
335 1693 419 1768 imo,
442 1692 467 1752 si
486 1687 560 1772 quid
579 1709 682 1748 manes
703 1691 854 1766 sentiunt,
875 1689 908 1748 id
928 1691 987 1770 ipsi
1009 1690 1217 1752 Cantacuzeno

1 1829 2 1834 κ
131 1791 372 1870 acceptissimum
385 1790 451 1852 fore
470 1787 613 1850 credibile
627 1795 684 1866 est,
704 1786 786 1870 quod
800 1789 925 1850 Latinae
944 1787 1063 1870 linguae
1078 1799 1108 1848 et
1122 1789 1217 1850 Grae-

132 1909 186 1954 cae
207 1888 342 1970 quodem
367 1891 519 1952 consertio
539 1889 624 1970 quisi
653 1887 876 1969 quodammodo
901 1889 981 1948 inter
1007 1899 1140 1958 veterem
1160 1909 1217 1950 no-

133 2008 264 2070 vamque
292 1989 423 2052 Romam
446 1989 524 2050 bene
551 1990 714 2050 convenire
745 1988 905 2066 videntur,
945 1988 1027 2070 quod
1055 1987 1106 2050 ille
1129 1991 1219 2052 vivia

129 2091 335 2174 per-cupierat.
366 2087 434 2150 Hoc
454 2091 547 2170 igitur
567 2087 679 2169 liuere,
699 2089 829 2167 Lector,
851 2098 881 2150 et
896 2086 1075 2148 beneficium
1091 2107 1219 2170 agnosce

129 2191 211 2268 viri,
243 2209 306 2272 quo
322 2207 413 2250 nemo
434 2188 474 2248 ad
493 2187 589 2252 bonas
613 2198 693 2248 artes
711 2187 956 2269 promovendas,
987 2197 1017 2248 et
1036 2189 1160 2248 eximios
1177 2187 1218 2248 ab

129 2299 198 2350 arte
219 2291 302 2350 viros
320 2287 471 2354 iuvandos
493 2290 672 2371 propensior
692 2289 810 2366 existit,
840 2289 865 2348 si
889 2307 952 2349 non
967 2287 1102 2370 ingratus
1127 2298 1218 2369 atque

130 2388 172 2450 ab
192 2391 274 2450 omni
291 2390 479 2456 humanitate
500 2387 616 2450 alienus
635 2408 678 2448 es.
720 2387 811 2466 Quod
828 2389 852 2448 si
869 2398 900 2448 te
920 2386 970 2446 hic
984 2407 1114 2470 aequum
1128 2407 1218 2468 prae-

129 2485 256 2568 bueris,
295 2491 396 2570 primo
426 2509 548 2571 quoque
573 2498 709 2570 tempore
733 2507 838 2548 omnes
869 2485 1012 2546 historiae
1036 2488 1220 2568 Byzantinus
1268 2549 1272 2560 ,

129 2591 294 2670 scriptores
306 2599 371 2650 tarn
392 2587 509 2666 editos,
539 2609 632 2670 quarn
650 2607 743 2650 manu
759 2597 895 2648 muetos
911 2587 992 2668 typis
1013 2587 1103 2667 regiis
1125 2585 1218 2646 eden-

130 2687 189 2753 dos
221 2689 355 2751 eiusdem
378 2688 572 2752 illustrissimi
599 2689 659 2750 viri
684 2687 777 2748 ductu
807 2697 848 2746 et
861 2687 951 2768 Regis
972 2685 1220 2746 Christianissimi

132 2789 276 2866 auspiciis
288 2787 435 2868 prolaturi
450 2772 573 2850 sumus:
597 2787 635 2848 de
656 2788 742 2848 ouius
760 2787 804 2846 rei
821 2784 951 2846 utilitate
963 2783 1102 2868 plerique
1113 2805 1219 2849 omnes

127 2887 334 2966 consentiunt.
374 2885 441 2952 Vns
459 2889 512 2968 qui
530 2887 646 2948 litteras
668 2887 796 2966 amatis,
827 2885 945 2964 favete,
975 2895 1005 2944 et
1025 2882 1151 2946 oonsilio
1169 2885 1219 2944 iu-

127 2996 213 3050 vate.
255 2985 371 3066 Fama,
392 2989 512 3067 virtus,
540 2997 571 3046 et
592 2988 667 3046 recti
688 3005 773 3060 amor
800 3004 869 3044 eum
892 2983 1068 3060 deseruere,
1090 2981 1144 3060 qui
1167 2977 1219 3040 lit-

126 3095 211 3146 teras
226 3105 289 3148 non
306 3096 407 3166 amat,
436 3097 490 3147 aut
504 3105 554 3146 eas
570 3082 699 3145 incultas
723 3083 850 3144 deserit:
881 3092 912 3143 et
926 3083 1045 3164 penitus
1059 3078 1218 3162 inglorius,

128 3183 179 3245 vel
196 3183 310 3246 iudicio
328 3205 385 3247 suo
400 3205 456 3246 nec
476 3187 642 3264 memoria,
671 3203 769 3265 neque
789 3181 896 3244 litteris
913 3181 1038 3263 dignum
1053 3179 1219 3263 quidquam

128 3285 241 3364 gessit,
270 3285 324 3347 sed
342 3285 424 3372 quod
440 3297 562 3348 aeterno
579 3283 698 3346 silentio
716 3285 812 3366 magis
827 3281 1018 3344 obruendum
1038 3283 1096 3364 sit,
1127 3299 1219 3364 qima

125 3381 300 3450 littemnm
322 3389 526 3452 monimentis
548 3383 767 3448 mandandum.
809 3380 898 3444 Vale.
