2946 4872
229 281 272 346 Vl
623 273 929 344 cumomni.

229 463 322 516 nam
353 434 530 529 adhibet,
563 437 617 515 ita
648 455 695 515 ut
723 435 929 514 maximam
961 453 1112 544 partem
1135 432 1311 514 emenda

229 559 383 638 tionum
407 584 540 638 earum
573 561 617 637 in
642 579 749 638 textu
772 583 957 666 reponere
981 585 1063 636 non
1087 555 1310 634 dubitarim.

230 681 320 780 Quo
345 684 463 787 magis
487 681 698 761 dolendum
723 691 794 776 est,
829 683 1024 765 uberiores
1046 681 1128 758 eius
1151 697 1312 757 annota-

228 805 367 899 tiones,
390 805 441 882 ad
464 832 559 910 quas
580 806 762 884 lectorem
783 833 822 912 p.
852 833 933 908 177·
947 807 986 882 G.
1007 801 1187 896 remittit,
1210 828 1313 879 nun·

228 953 349 1031 quam
382 927 427 1006 in
462 928 588 1004 lucem
612 926 797 1032 prodisse,
831 951 959 1032 neque
990 925 1150 1004 omnino
1182 923 1232 1002 ab
1264 949 1311 1002 eo

228 1069 377 1128 tantam
400 1049 444 1127 in
468 1050 742 1156 posterioribus
769 1051 1021 1130 Cantacureni
1039 1048 1153 1142 libris
1176 1073 1311 1124 curam

227 1174 392 1282 positam
415 1199 509 1267 esse,
534 1191 681 1278 quanta
705 1173 749 1252 in
774 1169 997 1278 castigandis
1021 1169 1218 1278 prioribus
1236 1169 1311 1244 ela·

227 1297 379 1375 borasse
404 1297 613 1377 censendus
637 1315 702 1377 est
751 1299 998 1401 Quamquam
1019 1293 1079 1370 vel
1104 1294 1148 1370 in
1168 1292 1229 1369 bis
1252 1292 1312 1398 ip-

227 1418 277 1498 sis
300 1421 414 1525 plura
439 1418 591 1513 inveni,
629 1445 730 1524 quae
761 1446 851 1497 cum
875 1415 1076 1496 manifesto
1105 1413 1312 1521 depravata

227 1561 351 1620 essent
372 1560 413 1620 et
435 1545 574 1650 corrigi
591 1563 807 1650 poscerent,
833 1545 901 1623 ille
923 1569 1004 1622 non
1022 1537 1310 1624 animadvertit,

229 1684 299 1743 aut
319 1667 581 1748 animadversa
599 1671 652 1749 ita
675 1670 855 1764 tentavit,
874 1687 921 1746 ut
938 1667 1137 1744 veritatem
1153 1663 1313 1768 scripto·

229 1791 538 1896 risquelmanum
558 1793 735 1872 nondum
749 1785 938 1872 assecutus
950 1791 1156 1870 videretur·
1174 1794 1313 1894 Itaque

229 1915 310 2022 ipse
325 1915 556 1994 emendandi
572 1917 737 1998 subinde
751 1917 970 2025 periculum
985 1916 1082 2008 feci,
1102 1931 1143 1989 et
1158 1911 1314 2014 siquan-

230 2035 281 2114 do
300 2039 459 2118 meliora
484 2067 530 2118 ac
554 2043 645 2122 satis
668 2059 771 2122 certa
794 2057 1050 2148 suppeterent,
1076 2061 1120 2112 ea
1141 2034 1311 2111 breviter

228 2155 408 2242 indicavi.
457 2165 596 2251 Codice
619 2193 710 2246 treus
732 2193 818 2248 sum
841 2167 974 2244 nullos
1000 2156 1187 2240 eiusmodi
1202 2183 1314 2272 prac-

228 2282 316 2360 sidii
342 2285 426 2365 loco
448 2289 661 2367 versionem
672 2289 838 2370 Pontani
863 2287 1004 2384 babui3
1031 2282 1178 2391 inspexi
1196 2282 1314 2360 etiam

229 2405 444 2505 interdum,
484 2439 557 2491 nec
589 2411 632 2491 id
655 2413 739 2491 sine
762 2437 899 2520 operae
923 2411 1077 2504 fructu,
1103 2406 1314 2486 editionem

228 2529 418 2612 Venetam
446 2563 479 2614 a.
509 2563 614 2640 1729.
638 2537 726 2632 fol,
759 2563 879 2647 quam
911 2561 958 2614 cx
993 2534 1167 2610 Parisino
1191 2559 1315 2610 exem·

227 2653 296 2762 plo
328 2659 598 2766 transcriptam
621 2686 697 2738 esse
720 2661 879 2739 constat
935 2661 991 2736 Ea
1029 2659 1135 2736 enim
1164 2658 1315 2762 aliquot

228 2773 368 2854 menda
384 2780 462 2857 iam
482 2798 650 2859 correcta
664 2781 835 2874 exbibet,
851 2781 1018 2858 aliorum
1033 2799 1162 2860 tamen
1175 2779 1315 2888 passim

227 2897 349 2978 obsita
372 2921 427 2980 est
452 2899 569 2984 turba
591 2904 773 2986 foediore.
833 2905 1014 3006 Denique
1045 2904 1246 2981 nonnullis
1269 2903 1313 2982 in

228 3020 323 3098 locis
350 3025 705 3112 emendationibus,
738 3053 835 3128 quas
865 3025 940 3102 Vir
965 3027 1147 3120 Illustris,
1185 3029 1225 3102 B.
1264 3028 1312 3104 G.

118 3239 122 3246 Ι
227 3145 487 3236 Niebuhrius‚
522 3163 579 3241 et,
614 3149 726 3225 cuius
758 3175 867 3226 nunc
890 3151 1024 3228 Bonna
1056 3151 1227 3232 distracti
1253 3151 1313 3227 iu·
1442 3225 1447 3234 .

227 3268 500 3348 cundissimam
511 3270 737 3350 memoriam
759 3272 826 3350 bic
850 3275 1017 3352 recolere
1040 3276 1164 3373 iuvat,
1191 3279 1313 3354 Henr.

227 3391 458 3487 Grauertus,
492 3394 660 3500 margini
692 3395 892 3489 editionis,
925 3425 1003 3502 qua
1036 3419 1148 3495 utor,
1175 3399 1314 3477 adscri-

226 3533 400 3621 pserant,
429 3514 577 3621 egregie
597 3517 778 3597 adiutum
800 3547 862 3598 me
882 3549 957 3600 esse
972 3542 1101 3626 gratus
1115 3523 1311 3629 profiteor.

325 3639 469 3730 Restat,
503 3655 550 3716 ut
575 3639 639 3731 iis,
670 3644 839 3747 quaein
876 3644 1115 3750 praefatione
1146 3644 1313 3722 Pontani

227 3755 275 3834 de
299 3761 562 3839 Cantacuneno
589 3763 671 3868 ipso
698 3765 856 3870 eiusque
881 3769 925 3843 in
949 3765 1174 3844 enarrandis
1199 3766 1314 3842 rebus

228 3882 304 3959 fide
336 3913 382 3961 ao
417 3887 545 3964 studio
568 3887 648 3966 veri
673 3889 762 3966 satis
788 3891 989 3995 magnifice
1014 3889 1311 3997 praedicantur,

178 4011 183 4022 ·
216 4005 418 4100 ,tuncrum
436 4007 577 4088 adeam
593 4009 664 4088 ne.
682 4013 876 4108 eseboni,
892 3996 1313 4122 in'primssntemgen-

227 4128 276 4209 tis
289 4123 431 4212 barum
446 4160 579 4214 rerum
602 4135 888 4234 existimatoris,
919 4135 1028 4242 quod
1057 4135 1152 4215 adeo
1176 4159 1311 4214 verum
1387 4153 1408 4190 ⁸
