2830 4870
258 265 389 365 «142
541 281 545 296 ’
694 285 977 374 omniomnis

156 445 220 526 με,
232 441 529 508 ιλυεάπελθύυτων·’
551 438 582 506 ot
594 437 683 521 πεζοί
700 441 735 506 δὲ
751 436 832 524 πλὴν
844 437 962 523 ὀλίγων
974 432 1107 517 ἅπαντες
1124 441 1241 508 εἵλοντο
1260 439 1365 510 tutet

303 565 351 606 ειν
369 541 413 628 τῷ
427 544 568 622 βασιλεῖ.
597 531 644 614 οἷς
660 537 715 602 καί
730 535 847 620 μισθὸν
866 536 988 622 ἐτήσιον
1009 539 1121 621 τάξας,
1150 541 1300 626 ἐνέγραψε
1317 549 1366 618 τοῖς

305 641 455 713 οἰκέταις·
480 633 553 714 τούς
570 637 599 701 δ’
612 633 808 712 ἀπελθόντας
821 635 981 724 ἐφωδίασε
999 640 1141 727 χρυσίρι.
1177 637 1259 724 ipsit
1276 641 1307 704 di
1323 637 1363 703 τὸν

306 729 398 802 ditor
428 731 537 818 ὅμιλον
562 741 624 802 τῶν
647 736 803 822 Ἀπριύυν,
843 727 959 822 ἄνδρας
982 735 1061 818 ύμού
1089 739 1145 800 καί
1166 747 1311 820 γυναῖκας
1326 734 1366 800 καί

302 837 422 920 μαῖύας
446 833 661 918 γυμναύςκαί
690 831 828 924 άαόρους
855 831 1030 920 περιϊόντος
1056 834 1111 900 καί
1133 835 1378 923 ὐλοφυρομένουςύ

313 932 372 1020 τὴν
387 929 593 1019 ἀποστέρησιν
612 935 675 998 τοῖν
688 924 783 998 ὄντων
791 982 802 1014 ,
835 933 909 1010 τούς
922 933 1057 1018 λογάδας
1073 938 1128 1018 τῆς
1145 937 1291 1018 στρατιᾶς
1308 937 1368 999 πάκ-

277 1043 367 1110 Ὸτας
384 1031 439 1096 καί
460 1029 533 1108 τούς
549 1034 582 1096 ἐν
602 1034 683 1096 τέλει
711 1029 905 1116 συναγαγών,
930 1031 1073 1114 ,,ύ“ίκαιύν
1088 1035 1191 1098 ἐστιν’
1213 1031 1275 1118 ἔφη
1291 1039 1369 1114 „noi-

307 1137 372 1208 λοῖς
393 1133 448 1194 καί
465 1127 610 1214 μεγάλοις
629 1131 765 1216 σήμερον
784 1125 1015 1216 εὐηργετηκύτσς
1039 1130 1123 1216 ἡμᾶς
1140 1133 1197 1196 τού
1210 1134 1306 1214 θεοῦ,
1330 1130 1371 1194 καί

309 1225 427 1306 αὐτούς
445 1223 550 1307 ἆξίους
565 1233 620 1315 τῆς
642 1229 819 1315 εὐεργεσίας
836 1231 1005 1318 φανῆναι.Ι
1032 1227 1067 1294 τὸ
1084 1229 1143 1316 γάρ
1161 1230 1241 1314 μήτε
1261 1228 1316 1315 τήν
1333 1231 1370 1310 ἐγ-
1403 1303 1404 1308 1

308 1332 511 1395 καθεστῶσαν
527 1325 642 1415 πολλήν
663 1353 696 1394 τε
719 1329 773 1392 καί
790 1325 964 1412 ἀξιόμαχον
989 1321 1088 1394 οὐσαν
1110 1327 1278 1413 στρατιάν,
1307 1327 1404 1411 μήτινα,

308 1424 367 1510 τὴν
384 1425 560 1514 α’σφύλειαν
580 1427 635 1492 καί
649 1423 683 1491 τὸ
699 1422 782 1509 ipsc
799 1424 860 1490 Ιταῖν
876 1429 1008 1509 τειχῶν,
1027 1425 1100 1511 μήτ’
1123 1419 1198 1492 ἄλλο
1212 1430 1312 1512 μηδὲν
1327 1429 1370 1506 ἑμ-

308 1522 418 1592 τιόιλισν
437 1526 514 1612 ἡμῖν
531 1531 678 1612 γενέσθαι
693 1523 772 1612 πρὸς
792 1521 826 1592 τύ
840 1519 885 1611 μὴ
901 1523 972 1602 τούς
998 1523 1152 1602 αὐθάδεις
1173 1528 1319 1590 τουτουσί
1337 1549 1371 1588 τι·
1403 1519 1404 1598 i

306 1623 516 1712 μετρήσασθαι
540 1627 595 1692 καί
613 1623 781 1714 ὑβριστάς,
814 1623 870 1690 οὐκ
895 1611 992 1690 άλλου
1008 1621 1094 1704 τινὸς
1109 1619 1130 1710 ἢ
1145 1627 1200 1710 τῆς
1218 1629 1275 1692 τοῦ
1290 1624 1372 1710 κρείτ·
1403 1607 1404 1624 ¹

308 1747 396 1802 τινος
417 1725 595 1813 εὐεργεσίας
612 1719 652 1792 ἄν
667 1751 714 1803 τις
732 1725 885 1810 λογίζοιτο
901 1722 1045 1800 δικαίως·
1064 1721 1099 1788 τὸ
1118 1727 1149 1788 d'
1169 1718 1266 1800 αὐθις
1283 1725 1316 1789 ἒν
1331 1713 1371 1784 ού-

308 1849 353 1888 τω
375 1828 510 1914 καρτερᾷ
527 1830 716 1914 τειχομαχίρι
743 1830 798 1892 καί
812 1824 926 1890 ἁλύσει
946 1823 1062 1900 πόλεως
1085 1819 1163 1908 μήτε
1180 1823 1270 1909 ἡμῶν
1293 1815 1404 1898 stricti

309 1917 384 2008 ὅπερ
403 1916 550 2006 ἦνείκός,
572 1923 752 2005 α’τισθανεῑυ,
773 1923 853 2010 μήτε
869 1927 931 1990 τῶν
951 1919 1129 1988 ἑαλωκότων
1153 1915 1373 1992 άτιοκτεύάιτσς

309 2017 482 2108 ὁμοφύλοις
499 2023 614 2104 αἵμασι
628 2026 823 2108 χρανθῆναι,
844 2025 897 2108 τῆς
914 2025 1029 2106 πολλῆς
1051 2020 1125 2110 περὶ
1138 2024 1224 2107 ἡμᾶς
1243 2019 1372 2108 mente

307 2123 363 2186 καί
382 2122 566 2206 κηδεμονίας
598 2123 655 2185 τού
673 2123 767 2188 θεοῦ.
792 2120 856 2208 χρὴ
880 2124 1048 2208 τοιγαροῦν
1069 2121 1125 2187 καί
1146 2122 1232 2207 ἡμᾶς
1243 2117 1371 2205 νικῆσαι·

136 2239 141 2248 “
230 2229 365 2297 ltebrose
385 2221 625 2307 εἰτικαμφθῆναι
651 2231 722 2296 ταῖς
735 2229 915 2308 συμφοραῖς
929 2224 991 2286 τῶν
1023 2220 1265 2306 ἀτυχησάντων,
1297 2214 1373 2306 (πρὸς

265 2395 273 2412 x
308 2323 369 2406 μὲν
392 2316 453 2406 γάρ
475 2317 546 2396 τούς
570 2319 754 2408 βαρβάρους
776 2313 852 2408 άχρι
873 2317 987 2397 παντὸς
1000 2325 1145 2403 πολεμεῖν
1173 2322 1231 2384 δεῖ·
1252 2317 1326 2404 πρὸς
1345 2315 1395 2376 ὐὶλθ

308 2417 381 2494 τούς
394 2415 577 2504 ὁμοφύλους
592 2411 668 2504 ύχρι
685 2422 744 2482 τού
760 2417 962 2505 κρείττονος)
983 2421 1038 2482 καί
1051 2420 1241 2502 μεταδοῦναι
1261 2419 1372 2482 ἕκαστον

310 2516 345 2580 ἐκ
364 2517 427 2580 ταῖν
441 2509 593 2602 λαφύρων
608 2522 683 2582 καθ’
709 2511 780 2582 ὅσον
799 2509 839 2582 dv
851 2513 971 2602 αύροΐτο
985 2524 1050 2593 τοῖς
1071 2516 1296 2600 αἰχμαλώτοις.
1316 2511 1371 2597 τρία

308 2609 368 2702 γάρ
395 2613 433 2680 τὰ
456 2619 587 2700 μέγιστα
601 2617 796 2702 κερδανεῖτε·
822 2613 899 2680 θεόν
918 2638 953 2680 τε
974 2616 1065 2680 ἵλεων
1080 2612 1203 2691 ἑαυτοῖς
1225 2635 1374 2702 πραπαρυ·

309 2715 551 2799 σκευασάμενοι,
578 2711 634 2782 τὸν
648 2715 693 2791 είς
710 2711 785 2792 τούς
804 2707 997 2798 ἆτυχούντας
1012 2711 1099 2780 ἔλεον
1115 2713 1322 2798 οἰκειούμενον
1332 2703 1373 2774 καί

309 2895 383 2942 creto
410 2886 566 2957 stipendio,
592 2887 622 2940 in
648 2886 741 2940 album
764 2901 875 2938 suorum
900 2885 1013 2950 retulit,
1039 2893 1068 2938 et
1095 2883 1302 2939 discedentibus
1324 2879 1372 2932 sliit

309 2975 404 3010 aurum
422 2959 451 3011 in
471 2961 599 3010 viaticum
617 2957 742 3010 contulit
779 2957 847 3008 Cum
866 2963 956 3008 autem
976 2955 1145 3025 conspiceret
1167 2957 1314 3025 Aptiorum
1327 2961 1373 3002 tur·

308 3027 371 3080 bam
388 3029 459 3080 viros
471 3029 551 3082 simul
568 3046 599 3080 ac
615 3028 752 3088 mulieres,
771 3027 838 3078 item
855 3043 952 3093 pueros
971 3043 1059 3094 paene
1075 3025 1171 3088 nudos,
1193 3029 1372 3089 omniumege-

307 3116 358 3150 nos
377 3097 558 3160 ambulantes,
579 3115 661 3166 seque
679 3098 759 3149 bonis
780 3094 835 3148 su'is
855 3095 1020 3166 despoliatos
1044 3097 1243 3159 lamentantes,
1271 3092 1372 3146 duobus

309 3177 338 3220 et
354 3167 495 3220 nobilibus
518 3168 668 3219 advocatis:
696 3169 798 3219 Iustum
817 3173 875 3228 est,
901 3167 1010 3235 iuquit,
1035 3184 1094 3218 cuns
1121 3165 1256 3218 hodierno
1276 3165 1320 3216 dle
1341 3164 1374 3236 ¹⁰}

309 3245 339 3288 et
360 3244 416 3288 tam
443 3236 596 3306 insignibus
620 3253 635 3287 a
659 3235 717 3288 Deo
741 3235 882 3288 beneficiis
907 3236 995 3288 ornati
1018 3237 1116 3298 simus,
1144 3243 1175 3288 ut
1193 3237 1292 3288 iisdem
1311 3232 1373 3298 dign

308 3305 457 3358 videamur.
492 3307 601 3358 Etenim
625 3306 699 3376 quod
718 3323 809 3375 neque
827 3315 881 3356 tum
898 3322 998 3375 unagna
1031 3316 1059 3359 et
1079 3314 1171 3358 nostro
1190 3306 1275 3358 Marti
1293 3299 1373 3355 conlc-

309 3375 393 3428 renda
412 3391 506 3428 manus
524 3378 614 3437 intus,
643 3391 732 3446 neque
751 3384 805 3428 tam
831 3376 886 3427 alta
913 3392 944 3428 ac
965 3384 1023 3428 tuta
1041 3377 1164 3439 moenia,
1189 3391 1282 3446 neque
1309 3365 1373 3423 obul

311 3443 462 3516 quidquam
480 3446 675 3516 impedimento
696 3444 776 3496 nobis
795 3446 865 3508 tuit,
890 3463 945 3515 quo
971 3449 1061 3498 minus
1087 3455 1242 3516 arrogantes
1267 3447 1332 3497 istos
1353 3444 1375 3486 tl

309 3522 449 3585 protervos
468 3517 675 3579 ulcisceremur,
704 3515 807 3567 nuliius
827 3515 881 3570 nisi
904 3515 992 3568 divini
1011 3517 1129 3568 numinis
1147 3516 1310 3568 liberalitati
1327 3513 1376 3564 lure

310 3583 487 3638 tribuendum
503 3595 551 3638 est.
579 3588 679 3639 Rursus
698 3586 728 3637 in
745 3593 799 3637 tam
817 3585 916 3638 infesta
943 3588 1144 3656 oppugnatione
1164 3595 1193 3638 et
1212 3586 1289 3638 urbis
1308 3597 1375 3634 occu·

308 3655 421 3727 petione
439 3664 559 3724 nostrum
578 3673 667 3726 neque
687 3672 868 3726 quemquam,
887 3663 1144 3708 ut‘couseutaueum
1162 3665 1228 3718 crat,
1248 3652 1374 3708 cecidisse

308 3742 399 3797 neque
416 3743 465 3797 per
484 3725 595 3778 caedem
619 3727 701 3777 ullius
723 3727 890 3794 captivorum
913 3727 988 3778 cirili
1011 3728 1141 3796 sauguine
1163 3728 1303 3794 pollutum
1320 3737 1376 3776 esse,

309 3814 325 3849 c
357 3797 442 3865 egium
469 3813 529 3866 erga
552 3813 601 3848 nos
634 3796 686 3847 Dei
711 3794 909 3864 providentiam
934 3813 1077 3867 curansque
1105 3797 1248 3866 significat,
1292 3797 1375 3868 itaque

309 3815 410 3920 epum
437 3868 552 3918 victores
575 3863 732 3917 miserorum
756 3865 952 3918 calamitatibus
980 3865 1015 3918 sd
1041 3865 1255 3920 misericordium
1285 3863 1376 3915 inlicttr

309 3946 427 4004 oportet,
444 3937 549 4007 (contra
570 3935 695 3986 barbaros
715 3952 779 3986 sune
797 3934 870 3988 bello
885 3938 1059 3988 interneciuo
1077 3937 1266 4005 pugnandum:
1293 3939 1375 3984 contri

308 4007 452 4076 populares
469 4015 560 4058 autem
578 4023 664 4074 usque
688 4003 752 4056 dum
771 4005 881 4076 vinctu)
910 4014 939 4058 et
963 4023 1024 4075 psrs
1049 4005 1083 4056 de
1109 4006 1210 4074 praeda
1233 4004 1375 4073 captivist

309 4075 451 4147 quolibet,
472 4083 601 4147 quantam
621 4075 752 4137 voluerit,
776 4075 945 4128 restituenda
969 4084 1019 4133 est.
1052 4072 1120 4128 Tria
1144 4079 1218 4128 euius
1236 4075 1311 4126 boua
1328 4086 1378 4122 nra·

308 4147 382 4200 xima
400 4145 466 4198 binc
480 4143 557 4199 vobis
577 4145 652 4196 lucro
670 4151 857 4212 apponentur;
881 4146 969 4197 Deum
986 4146 1135 4214 propitium
1153 4145 1311 4206 habebitis,
1335 4137 1376 4210 qui

308 4217 340 4272 in
355 4215 471 4273 sillictos
488 4221 612 4277 navatam
630 4211 859 4281 misericordiam,
875 4222 1014 4288 tamquam
1029 4215 1085 4270 sibi
1099 4218 1276 4288 praestitam,
1301 4227 1377 4282 scpu-
