2946 4872
274 297 326 354 22
673 287 952 356 CANTACUZENI

127 465 189 526 λα
202 468 338 538 rinocore
354 449 571 534 ἐμπλησθῆναι
587 444 640 512 κατ’
665 445 815 535 pedentim
840 442 894 508 καί
907 443 950 508 tsi
970 439 1134 528 λεηλασίας
1149 439 1205 506 καί
1219 440 1364 527 πραγμύ-

273 576 337 617 των
357 549 498 636 φθορὰς,
532 549 566 616 ἐν
590 540 640 623 αἷς
662 545 900 632 διαφθερούμεν
923 540 982 628 τη’ν
1005 541 1120 608 οἰκείαν
1143 540 1186 619 ὥς
1202 540 1366 622 πολεμίαν.

274 649 312 716 τί
323 640 381 714 σύν
397 640 436 713 ἀν
459 673 507 726 τις
522 643 729 729 βουλεύσαιτο
750 641 829 730 πρὸς
843 637 1002 728 τοσαύτην
1025 635 1267 706 ἀνακύπτουσαν
1287 641 1366 722 βλά.

275 773 353 834 στην
369 747 489 824 κακῶς
514 767 550 810 το
566 769 627 827 μεν
642 769 701 830 γαρ
718 767 775 809 τον
792 768 861 808 νεον
878 743 1010 826 βασιλέα
1034 742 1185 827 περιϊδεῖν
1206 735 1307 816 οὕτως
1332 740 1367 814 ἒξ

275 849 424 930 ούδεμιᾶς
448 843 552 922 αἰτίοις
576 845 870 930 προπηλακισθέντα
892 841 946 906 καί
968 839 1027 927 τὴν
1050 837 1213 924 βασιλείαν
1229 833 1384 926 ἀφαιρε.5

276 949 395 1029 θέντα,
419 943 495 1022 ἴσως
515 948 551 1011 δὲ
568 942 623 1008 καί
638 941 711 1029 περί
724 939 760 1007 τδ
778 944 835 1026 ζῆν
862 937 1106 1008 κινδυνεύσαντα
1111 993 1122 1024 ,
1146 939 1241 1004 ούδὲν
1259 934 1368 1020 ἔμοιγε

275 1039 371 1131 ἧττον
386 1042 546 1111 θανάτου·
572 1043 609 1110 τὸ
623 1047 656 1110 δ’
679 1033 721 1108 αδ
739 1041 831 1109 πάλιν
852 1041 911 1129 πρὸ
938 1044 997 1107 τού
1011 1039 1222 1128 προσήκοντος
1244 1035 1367 1122 χρόνου

281 1146 358 1233 πρὸς
381 1145 514 1228 πόλεμον
537 1141 681 1228 ἑτοίμους
705 1139 866 1230 ὀφθῆναι,
899 1143 1063 1220 ύςδοκεῖν
1084 1139 1226 1218 καὶτοῖς
1249 1136 1369 1221 ἔξωθεν

252 1243 401 1322 Οαύτούς
420 1245 502 1332 ἡμεῖς
520 1244 695 1330 ἐξεπίτηδες
715 1241 772 1308 τδν
795 1244 927 1326 βασιλέα
943 1243 1109 1332 παρορμρῖν
1125 1239 1204 1327 πρδς
1229 1235 1370 1306 ἀποστα-

276 1348 351 1415 σίαν
368 1348 426 1412 τοῦ
441 1343 570 1411 πάππου
587 1343 642 1410 καί
655 1345 828 1428 βασιλέως,
859 1340 1011 1428 ἀβουλίας
1028 1337 1114 1408 εἶναί
1130 1367 1186 1426 μοι
1210 1343 1300 1407 δοκεῖ
1310 1343 1407 1426 τῆςιο

278 1446 425 1532 ἐσχάτης.
455 1446 516 1530 έγιδ
536 1449 596 1532 γὰρ
621 1444 774 1510 τοσούτου
800 1447 862 1511 δέω
878 1442 957 1531 πρὸς
978 1439 1173 1510 ἀποστασίαν
1198 1444 1256 1507 τού
1275 1445 1372 1526 βασι.

259 1549 356 1624 ,λέως
372 1545 429 1612 τὸν
452 1545 577 1630 ἔγγονον
595 1540 696 1610 αύτού
713 1543 769 1612 καί
791 1547 926 1627 βασιλέα
949 1553 1151 1630 παρακινεῖν,
1176 1538 1274 1624 ὥστε,
1300 1545 1373 1608 καί..

278 1675 328 1716 τοι
342 1649 455 1714 τοῦτον
472 1645 554 1712 πάνυ
572 1645 673 1734 φιλῶν
693 1643 748 1710 καί
753 1697 763 1728 ,
791 1644 834 1722 uic
849 1643 943 1734 δρᾷς,
962 1645 1085 1726 ἕτοιμος
1103 1637 1147 1710 niv
1162 1641 1218 1709 καί
1232 1639 1289 1729 τὴν
1304 1661 1374 1725 ψυ-

278 1749 342 1836 χὴν
358 1747 458 1834 αύτὴν
476 1745 555 1832 ύπὲρ
573 1739 674 1809 αύτού
682 1747 856 1833 προέσθαι,
877 1739 916 1811 ed
931 1746 1000 1814 ἴσθι
1016 1745 1136 1829 σαφῶς,
1153 1743 1212 1807 oder
1228 1736 1267 1810 ἀν
1284 1735 1374 1830 αύτῷ

281 1853 460 1936 συνέπραξα
481 1846 561 1934 πρὸς
581 1839 691 1930 ούδὲν,
716 1845 779 1930 εἴγε
794 1848 852 1932 τῆς
875 1841 977 1934 ἀρχῆς
994 1839 1093 1910 αύτόν
1117 1839 1226 1932 ἓιύρων
1249 1841 1410 1930 noetio-¹5

281 1949 440 2033 peripteroe
460 1941 674 2030 ἀποστερῆσαι
694 1945 751 2013 τὸν
774 1951 908 2031 βασιλέα
924 1945 1122 2036 χρησάμενον
1135 1945 1296 2035 πλεονεξίᾳ
1320 1942 1378 2010 καί

283 2047 420 2135 δρπαγῇ.
449 2037 489 2132 ἦν
503 2043 562 2130 γάρ
580 2035 619 2109 ἀν
634 2046 751 2124 ἐκεῖνος
766 2051 826 2129 μὲν
843 2043 937 2114 ούδὲν
961 2049 1123 2135 διαφέρων
1146 2043 1375 2130 Ἀβεσσαλώμ,

249 2144 460 2234 ῘδἈγιτύφελ
477 2147 507 2210 δ’
514 2143 586 2230 έγού.
602 2149 770 2234 τοιγαροῦν
785 2150 948 2238 ἐπειδήπερ
966 2149 1011 2226 εἰς
1025 2144 1176 2232 τοιαύτην
1192 2145 1375 2232 συνηλάθη.

282 2273 342 2332 μεν
358 2243 493 2334 ἀνύγκην
508 2247 708 2335 πραγμάτων,
726 2253 792 2314 δεῖν
807 2245 889 2316 εἶναι
903 2250 1022 2333 νομίζω
1037 2247 1074 2315 τδ
1090 2251 1187 2334 μέσον
1195 2243 1377 2331 ἑλομένους,

283 2345 441 2436 ἑκατέρων
458 2341 657 2432 ἀποσχέσθαι
671 2350 735 2416 τῶν
758 2341 879 2436 ἀκρων,
904 2349 959 2418 καί
979 2351 1054 2437 μήτ)
1069 2345 1191 2434 ἀμελῶς
1215 2348 1297 2414 πάνυ
1322 2347 1414 2413 καίτοι

286 2446 441 2537 ῥᾳθύμως
470 2447 606 2533 διάγειν,
634 2449 680 2526 οδς
703 2448 838 2536 μηδενὸς
861 2453 1121 2536 προσδοκωμένου
1146 2451 1268 2532 δεινού,
1300 2448 1377 2534 μήτ’

196 2541 229 2598 V·
243 2541 275 2610 ¹4
288 2539 332 2614 αύ
347 2549 441 2614 πάλιν
456 2549 688 2634 ἀπερισκέπτως
712 2547 797 2614 ούτω
815 2549 871 2615 καί
888 2554 1034 2638 θρασέως
1050 2549 1090 2616 τά
1113 2553 1269 2616 δοκοῦντα
1292 2575 1377 2630 συμ-

283 2650 423 2736 φέροντα
440 2649 597 2734 πράττειν.
631 2652 779 2715 τοῦτοδὲ
801 2643 989 2734 messeio,
1023 2647 1086 2735 εἴγε
1116 2647 1176 2736 τήν
1200 2651 1260 2732 μὲν
1278 2673 1378 2736 προσ.

355 2787 393 2840 17.
410 2757 600 2842 Ἆβτσσαλδιμ.
618 2771 680 2841 Reg.
698 2771 784 2826 1t15.
802 2787 860 2843 sqq.
878 2770 979 2827 EM.

282 2893 431 2961 vastitates,
449 2893 549 2964 quibus
565 2901 663 2946 terrem
678 2901 795 2946 nostram
806 2893 922 2964 perinde
935 2901 966 2945 ut
977 2891 1106 2946 hostilem
1121 2893 1259 2962 regionem
1280 2889 1377 2943 detor-

281 2964 425 3021 mubimus.
455 2963 531 3034 Quid
547 2983 609 3036 ergo
625 2967 751 3018 adversus
769 2975 939 3018 coercentem
956 2973 1010 3016 run
1023 2965 1169 3016 multorum
1189 2961 1378 3014 incommodo-

284 3051 342 3086 rum
354 3037 530 3105 propaginem
546 3037 661 3090 remedii
678 3033 988 3105 excogitnbimusiMihi
1003 3053 1067 3086 sene
1078 3035 1213 3086 iuniorem
1228 3034 1378 3102 imperoto-

207 3161 211 3172 ἱ
284 3121 340 3155 rem
355 3107 430 3158 nuile
452 3125 499 3158 stru
514 3107 592 3174 culpo
607 3117 661 3158 tam
681 3109 862 3176 ignominiose
877 3105 1014 3168 habiturn,
1040 3115 1069 3158 et
1085 3123 1144 3156 curn
1165 3106 1281 3172 imperio
1295 3107 1380 3155 vitam

283 3191 394 3244 quoque
409 3178 494 3245 ipsam
508 3177 620 3228 fortasse
636 3179 794 3232 emissurum
809 3179 959 3248 negligere,
975 3179 1070 3228 mortis
1086 3179 1170 3228 instar
1185 3182 1235 3226 est.
1264 3176 1379 3226 Rursum

284 3253 347 3296 rute
365 3254 471 3316 tempus
488 3249 522 3298 ed
538 3248 641 3299 beilum
656 3256 819 3318 comparatos
836 3263 983 3318 apparere,
1008 3256 1039 3298 ut
1052 3248 1085 3298 ab
1100 3248 1200 3300 esteris
1216 3260 1327 3315 quoque
1344 3243 1379 3296 de

285 3326 423 3386 compecto
439 3327 567 3386 nepotem
589 3319 622 3370 ad
636 3319 818 3372 defectionem
838 3319 940 3372 abavo
960 3319 1107 3372 sollicitare
1123 3319 1324 3380 existimemur,
1349 3313 1381 3366 id

286 3403 335 3454 ego
355 3387 384 3438 iu
402 3405 502 3439 summo
516 3391 669 3441 temeritate
688 3407 816 3452 numero,
848 3397 876 3443 et
892 3390 926 3442 ab
941 3407 971 3442 ee
985 3397 1078 3442 mente
1098 3397 1202 3442 tentum
1215 3387 1327 3448 absum,
1349 3394 1381 3436 ut

286 3459 613 3524 quemvisodolescentem
622 3459 699 3512 valde
707 3477 791 3512 amem
798 3470 834 3521 et,
841 3461 963 3520 uirides,
971 3463 1059 3529 ipsum
1066 3461 1178 3527 insuper
1188 3473 1381 3527 eorpusmeurn

286 3528 345 3578 eius
360 3545 437 3580 cause
448 3532 581 3598 prolicere
593 3549 650 3584 non
666 3548 794 3592 recusem,
808 3540 907 3594 tomen,
921 3530 988 3584 mihi
1003 3532 1091 3594 crede,
1110 3544 1166 3584 non
1178 3531 1257 3582 cirne
1273 3529 1380 3595 uspiam

285 3597 437 3650 adiutorem
451 3619 482 3652 ac
499 3603 601 3652 socium
619 3601 796 3670 praeberem,
819 3605 841 3654 si
854 3602 888 3654 ed
905 3619 982 3654 evum
1001 3603 1156 3672 principatu
1175 3617 1224 3670 per
1237 3599 1378 3650 avaritiam

287 3677 316 3720 et
332 3671 437 3736 rupinus
450 3672 643 3740 depellendum
659 3674 816 3724 incumbere
826 3673 1074 3726 animadverterem.
1101 3673 1146 3724 Sic
1157 3673 1230 3723 enim
1245 3671 1306 3738 ipse
1320 3667 1377 3718 Ab·

287 3740 421 3801 telonem,
442 3759 491 3812 ego
507 3741 713 3812 Achitophelem
731 3745 880 3796 induerem.
928 3741 1064 3812 Quoniam
1082 3745 1166 3812 igitur
1187 3743 1216 3793 in
1233 3742 1312 3792 istem
1326 3755 1378 3789 ne-

287 3813 438 3862 cessitatem
460 3813 634 3876 devenimus,
665 3815 699 3866 ed
711 3815 831 3866 officium
852 3815 991 3884 pertinere
1007 3813 1117 3876 iudico,
1140 3813 1232 3864 vitetis
1250 3810 1379 3862 extremit

286 3882 317 3931 in
331 3881 421 3932 medio
438 3887 601 3946 consistere,
620 3893 648 3936 ct
660 3901 750 3954 neque
764 3903 857 3938 secure
869 3903 900 3938 rc
916 3883 1053 3938 desidiose
1064 3887 1145 3938 vitem
1162 3884 1286 3945 transire,
1301 3881 1379 3950 quasi

286 3949 359 4001 nihii
370 3969 446 4022 grave
461 3955 659 4007 formidandum
676 3958 721 4019 sit,
738 3974 828 4026 neque
843 3958 881 4008 ita
899 3956 1099 4009 inconsiderate
1113 3964 1140 4008 et
1156 3953 1292 4012 audacter,
1309 3967 1380 4020 ‘1⁸³⁰

287 4021 367 4072 utilia
384 4023 542 4086 videsnuu,
562 4028 700 4095 persequi.
741 4027 773 4080 Id
789 4035 1011 4097 consequemrrr,·
1031 4029 1053 4079 si
1074 4025 1227 4079 imminenti
1246 4023 1379 4074 tentatio-

287 4107 353 4142 num
368 4093 486 4147 flammae
501 4097 609 4148 consilii
626 4095 785 4164 prudentia,
804 4107 933 4166 qrrontum
950 4099 978 4150 in
995 4098 1075 4150 nobis
1091 4105 1148 4160 est,
1174 4094 1382 4153 occurrerimus,

288 4159 469 4234 iuvenemque
485 4167 673 4235 imperatorem
688 4169 717 4219 in
735 4177 795 4220 tuto
810 4177 890 4238 portu
909 4169 1146 4228 constituerimus,
1173 4174 1205 4216 ut
1220 4164 1287 4215 licet
1299 4163 1382 4212 vestis

289 4233 411 4306 undique
422 4235 550 4296 fluctibus
561 4253 634 4294 merc
645 4239 776 4308 agitetur,
796 4239 883 4298 omnis
894 4239 1009 4314 periculi
1022 4239 1121 4296 tinore
1134 4243 1219 4294 vacet.
1261 4231 1341 4304 Quod
1355 4232 1381 4282 ri
