2918 4846
247 257 332 362 46α
641 285 926 353 marlemont
1008 325 1013 336 .

101 449 164 508 uc.
178 451 239 507 rats
252 439 308 506 καί
333 437 542 526 ἀπαραίτητος
565 431 646 528 πρὸς
675 439 731 519 ade
761 435 950 524 ἀντιδόσεις,
978 439 1084 510 πᾶσαν
1109 440 1332 526 ἐπιδείξασθαι

227 536 409 624 Βσποοδήν,
435 533 520 604 ώσττ
541 538 597 604 καί
623 533 721 607 αάτδν
741 543 777 607 δν
801 545 867 608 τών
887 535 998 620 αάτοῖς
1019 542 1234 630 διαφερόντων
1258 545 1330 612 τινά

246 638 424 724 κτήσασθαι
444 642 581 729 πολέμῳ.
601 637 655 706 esd
675 642 712 706 δὲ
730 639 765 706 τδ
787 638 829 706 ἰδ
849 641 1069 729 στρατεύματα
1090 637 1259 731 ἀμφότερα
1277 649 1334 729 τῆς
1450 695 1451 732 ρ

155 739 349 823 Υαιδαδτής
369 735 503 821 ἔχεσθαι
522 737 704 826 θρησκείας
731 731 887 828 ἀλλοοςδᾗ
907 736 955 806 δτι
974 739 1030 805 καί
1047 737 1067 826 ή
1087 743 1194 828 εἰρήνη
1213 743 1334 819 παντὸς
1450 753 1451 828 l

247 841 385 919 πολέμου
414 831 496 904 εἶναι
517 839 605 904 δοκεῖ
620 837 830 927 αῖρετατέρα,
852 841 972 922 μᾶλλον
993 837 1091 926 αάτήν
1108 839 1283 927 αἷρεῖσδαι,
1304 843 1352 910 εὖ
1450 853 1451 886 r

247 936 289 1002 τά
311 940 409 1003 οἰκεῖα
427 935 525 1018 μόνον
545 937 752 1024 ἀπολήψεται.
788 939 994 1026 Ἀλέξανδρος
1014 940 1049 1005 δὲ
1067 939 1247 1028 ἰσχυρίζετο
1261 935 1334 1005 ἀδι-
1450 989 1451 1024 3

249 1045 315 1103 κεῖν
336 1037 410 1103 odet
430 1036 534 1115 αάτός·
552 1035 724 1121 Ἀμχιαλδν
742 1061 776 1104 τε
795 1036 857 1127 μάρ
879 1038 936 1103 καί
952 1035 991 1105 sd
1012 1031 1092 1104 ἀλλα
1109 1035 1336 1122 πολισματα,ιῖ

248 1131 290 1223 ήν
321 1131 538 1225 ἀφῃρημένος,
565 1137 606 1202 αδ
610 1137 787 1220 ’Ῥωμαίοις
814 1138 981 1224 προσήκειν
1008 1141 1131 1221 μᾶλλον
1149 1131 1171 1223 ἢ
1192 1142 1338 1216 Μυσοῖς.

249 1243 318 1312 τοῖς
336 1234 397 1321 ηάρ
418 1233 478 1320 πρὸ
498 1237 598 1302 edred
616 1235 873 1322 βεβασιλευκότα
899 1241 933 1318 ἐξ
975 1235 1086 1304 ἱκανοῦ
1105 1233 1186 1304 εἶναι
1204 1234 1339 1322 διασχεῖ-

250 1357 307 1420 ρια
324 1337 381 1398 τοῦ
397 1332 528 1421 χρόνον.
576 1333 626 1401 διὸ
646 1341 839 1420 καὶμᾶλλον
865 1342 999 1422 βασιλέα
1029 1337 1150 1404 ἀδικεῖν
1177 1335 1259 1424 πρδς
1289 1333 1373 1414 altro

224 1429 418 1520 εάφήρηται
438 1427 634 1500 ἀπαιτοῦντα
654 1439 711 1502 καί
734 1429 914 1522 Ἀγχίαλον.
934 1440 1089 1520 βασιλέως
1108 1438 1145 1503 δὲ
1163 1429 1337 1522 ἀποκρινα-

249 1533 348 1615 μένου
368 1529 414 1618 μή
435 1533 502 1598 δεῖν
522 1533 581 1620 τήν
600 1533 726 1600 ἀδικίαν
746 1539 781 1602 ἐν
810 1533 1023 1619 δικαιώματος
1050 1539 1209 1602 ποιεῖσθαι
1235 1535 1337 1625 λόγῳ,
1450 1553 1451 1576 ¹

198 1633 205 1647 ’
250 1631 332 1717 μηδὲ
351 1623 398 1696 ὅτι
417 1631 472 1698 ἐπί
487 1629 604 1721 χρόνον
624 1635 855 1722 ἀπεστέρησαν,
884 1633 1012 1701 οἴεσθαι
1030 1635 1084 1701 διὰ
1104 1637 1196 1702 τοῦτο
1217 1637 1338 1699 δίκαιον

250 1724 408 1796 εἶναικαὶ
433 1733 582 1817 διηνεκῶς
610 1733 805 1821 ἀποστερεῖν.
845 1732 901 1812 τὰς
920 1731 980 1820 γάρ
1003 1733 1151 1812 τοιαύτας
1169 1729 1280 1810 πόλεις
1301 1725 1339 1798 οδ
1450 1751 1451 1754 ’

251 1825 349 1912 μόνον
376 1823 500 1898 ἀνωθεν
524 1835 560 1898 ἐκ
590 1836 730 1898 παλαιοῦ
751 1833 909 1918 ὑπηκόους
932 1828 1101 1916 Ῥωμαίοις
1121 1827 1219 1916 εἶναι,
1254 1829 1375 1906 endis

251 1923 310 1992 καί
327 1921 435 1994 nirata
453 1927 509 2008 τάς
528 1935 654 2010 πλείους
674 1933 732 1997 ἀπ’
751 1933 858 1999 αάτών
873 1955 909 1998 τε
924 1933 1068 1998 ἐκτίσθαι
1081 1936 1136 1998 καί
1147 1929 1342 2022 κατῳκίσθαι
1450 1939 1451 2020 l

252 2025 400 2103 ἀποικίας
419 2028 647 2118 πεπομφάτων·
666 2024 755 2098 οὔπω
776 2033 812 2096 dd
829 2033 911 2114 χθὲς
927 2031 983 2096 καί
1001 2031 1109 2118 πρώην
1123 2033 1183 2120 ἀφ’
1203 2028 1343 2106 demasic
1450 2055 1451 2062 ¹

254 2127 599 2212 παιοιήαθαιΜσσοδς
619 2133 654 2197 ἐκ
672 2131 1006 2219 τώνΣφεντισθλάβου
1018 2135 1075 2197 τοῦ
1090 2133 1248 2214 βασιλέως
1261 2126 1344 2215 χρό-
1450 2169 1451 2176 1

255 2247 339 2306 νων,
359 2222 396 2302 ὃς
414 2217 453 2312 ἦν
472 2226 530 2312 τήν
549 2223 651 2296 odacri
670 2223 813 2316 ἀδελφήν
831 2227 1031 2314 γεγαμηκώς,
1058 2232 1117 2295 τοῦ
1136 2226 1217 2316 πρδς
1237 2233 1344 2294 Κατε-

256 2318 373 2400 laicave
396 2327 453 2390 καί
476 2330 610 2414 Πέρσας
638 2335 704 2403 τοῖς
719 2328 890 2410 Ῥωμαίοις
909 2329 1047 2411 πολέμου
1062 2329 1288 2416 κεκινημένον·
1309 2322 1381 2405 &aa

154 2445 157 2456 ι
256 2425 388 2487 πλεῖστα
409 2422 450 2510 δή
470 2422 608 2491 ἐκάκωσε
627 2423 668 2490 τά
688 2423 865 2513 πράγματα
886 2423 1004 2509 αάτοῖς,
1026 2428 1069 2490 δι’
1085 2423 1122 2492 δν
1143 2421 1219 2490 odet
1238 2429 1344 2491 rodae

256 2515 482 2588 ἀνασώσεσθαι
500 2522 709 2610 ήδανήθησαν
736 2525 906 2604 ἑξαάτών.
948 2527 1026 2590 νυνί
1038 2549 1071 2591 τε
1091 2523 1192 2589 αδτὸν
1222 2524 1344 2588 ἀδικεῖν

222 2630 248 2684 D
260 2619 366 2704 σάδδν,
391 2618 473 2687 ἀλλά
492 2619 533 2689 τά
547 2646 588 2689 τε
613 2615 688 2690 ὄντα
708 2622 794 2708 ἔχειν
813 2624 868 2690 καί
885 2621 1128 2690 τάἀλλείττοντα
1147 2616 1304 2705 ἀπαιτεῖν,
1324 2616 1347 2686 ἃ

327 2777 371 2814 ao.
387 2757 526 2830 πολέμου.
562 2757 618 2812 Sub
636 2759 791 2814 Andronico
810 2761 928 2824 seniore,
947 2757 1054 2831 dequo
1071 2757 1147 2812 bello
1165 2757 1300 2829 Gregoras
1315 2759 1347 2812 in

326 2843 354 2900 p.
366 2829 431 2883 obit
450 2829 781 2900 autemSphentistlabus,
806 2833 854 2903 qui
868 2829 1138 2902 Spbeudostblabus,
1155 2830 1252 2882 eodem
1263 2846 1347 2891 anan,

326 2918 382 2973 quo
397 2901 427 2952 ln
445 2902 581 2954 iuniorem
598 2902 782 2956 Andronicum
791 2901 935 2954 anathema
952 2903 1159 2971 pronuntiatum
1174 2908 1224 2953 est
1236 2901 1300 2955 ED-
1315 2901 1345 2954 Ρ.

257 3019 316 3058 cem
334 2999 445 3057 loedere
464 3003 640 3060 firmaturum.
675 3005 760 3078 Atqui
779 3007 942 3076 oportuisse,
960 3003 983 3058 si
1001 3006 1031 3058 in
1048 3003 1129 3059 rebus
1149 3005 1205 3057 suis
1220 3005 1348 3074 pertinax

258 3083 287 3128 et
305 3075 486 3147 implacabilis
503 3083 584 3140 esset,
601 3093 697 3130 nervos
716 3093 810 3129 omnes
827 3075 862 3128 ad
879 3093 928 3146 par
948 3077 1008 3145 pari
1026 3073 1199 3129 referendum
1216 3075 1349 3138 intende·

258 3161 304 3208 re,
321 3153 349 3198 et
366 3145 447 3198 armis
465 3145 521 3198 sibi
530 3147 649 3198 vicissim
671 3145 803 3218 quaedam
822 3145 856 3198 de
877 3147 987 3198 illorum
999 3145 1081 3199 rebus
1098 3145 1245 3198 vindicare.
1265 3145 1349 3216 Quo-

258 3215 335 3266 niam
360 3231 424 3268 vero
455 3216 566 3290 utrique
593 3215 715 3269 eamdem
739 3217 879 3288 religionis
904 3218 1077 3270 sanctitatem
1105 3216 1214 3278 colant,
1236 3223 1268 3268 et
1295 3231 1348 3285 pax

258 3283 378 3339 cuilibet
396 3281 472 3338 bello
490 3285 706 3357 praeponderet,
729 3286 814 3356 ipsam
833 3304 862 3340 se
879 3285 953 3340 bello
973 3286 1039 3339 huie
1059 3295 1239 3356 anteponere:
1265 3285 1349 3339 mado
1450 3341 1451 3364 η

258 3375 307 3411 sua
325 3355 380 3408 albi
398 3357 586 3412 restituantur.
623 3357 659 3410 At
677 3357 847 3424 Alexander,
868 3375 919 3410 nec
939 3373 967 3410 ae
984 3358 1087 3410 inirntc
1104 3373 1199 3426 agerer
1226 3356 1349 3410 Anchia-
1450 3383 1451 3420 t

258 3429 316 3480 lum
348 3427 422 3480 enim
450 3433 594 3498 ceteraque
612 3427 760 3498 oppidula,
816 3445 847 3480 ae
865 3427 993 3499 adempta
1011 3427 1065 3480 sibl
1086 3435 1266 3499 quereretur,
1293 3444 1350 3480 noa
1450 3493 1451 3498 Ἰ

135 3541 140 3554 .
256 3500 385 3552 Romania
432 3497 505 3550 otius
525 3513 607 3584 quam
624 3499 726 3552 Moesis
752 3498 785 3552 dc
808 3499 862 3552 eri:
889 3515 952 3551 nam
982 3497 1092 3570 regibus
1121 3497 1350 3550 antecedentibus
1450 3499 1451 3512 ¹

256 3568 357 3644 perdiu
376 3515 488 3622 subdiu
506 3567 598 3622 luisse.
633 3569 738 3623 Idcirco
755 3572 945 3641 imperatorem
964 3583 1022 3622 esse
1040 3569 1182 3632 iniurium,
1200 3567 1249 3642 qul
1269 3585 1351 3639 prae·

258 3649 301 3694 ter
319 3657 351 3694 ea
370 3655 440 3712 quae
458 3639 603 3694 abstulerit
613 3677 622 3704 ,
646 3642 730 3694 etlam
748 3640 908 3693 Anchialum
928 3641 1056 3710 postulet.
1092 3639 1165 3692 'l'nm
1181 3639 1350 3710 imperator,

258 3709 413 3765 iniustitiae
431 3729 488 3764 non
507 3710 705 3785 imponendum
722 3727 823 3764 nomen
841 3711 976 3764 iustitiae:
996 3726 1087 3782 neque
1105 3711 1170 3782 quia
1188 3709 1225 3762 ad
1242 3717 1350 3780 tempos

163 3835 165 3842 ,
258 3779 328 3834 alios
346 3782 544 3853 spoliaverint,
567 3781 631 3834 ideo
650 3781 860 3834 existimandum
878 3781 962 3834 licere
980 3789 1112 3852 perpetuo
1131 3779 1258 3852 spoliare.
1295 3779 1351 3832 llas

259 3851 342 3905 nrbes
363 3869 420 3905 non
438 3853 527 3905 solum
544 3867 579 3903 ex
595 3853 711 3924 antiquo
730 3860 854 3922 tempore
871 3853 1053 3904 Romanorum
1071 3851 1178 3904 ditione
1196 3849 1350 3914 contineri3

259 3919 310 3974 sed
329 3924 410 3974 etiam
429 3922 582 3992 complures
602 3938 695 3974 earum
712 3922 747 3974 ab
767 3923 833 3994 ipsis
852 3937 910 3975 esse
929 3921 1072 3986 conditas,
1098 3920 1285 3992 deductusque
1302 3937 1350 3971 co·

260 3989 358 4047 lenias.
393 3992 504 4046 blaesos
521 3991 567 4043 via
584 3989 645 4044 beri
662 3999 692 4046 et
716 3991 817 4046 nudius
841 3993 939 4060 tertius
964 4007 1009 4044 eas
1032 3990 1084 4044 sub
1109 3993 1255 4062 imparium
1271 4006 1351 4042 snam

261 4062 417 4132 redegisse,
434 4079 451 4114 a
469 4077 553 4134 reguo
572 4060 790 4136 Sphentistblabi
808 4065 909 4115 sororis
929 4077 993 4115 suae
1011 4062 1102 4114 mariti
1119 4059 1267 4124 videlieet,
1284 4059 1350 4112 duas

261 4131 390 4186 Romania
408 4149 469 4184 cum
487 4133 588 4198 Persis,
618 4139 647 4186 et
665 4131 804 4186 Catalanls
824 4132 930 4186 bellum
947 4139 1034 4198 estet,
1061 4132 1111 4204 qui
1138 4145 1187 4184 rex
1215 4133 1350 4184 llornauos
1450 4135 1451 4194 l

262 4199 438 4257 vehementer
454 4201 593 4258 affllxcrlt:
617 4209 825 4276 propterquam
844 4201 913 4257 baec
933 4203 1000 4274 ipsis
1023 4209 1083 4255 tum
1107 4209 1271 4274 extorquere
1292 4216 1348 4254 noa
