2946 4872
271 253 339 318 ΚΝ
696 249 720 307 1.
750 242 928 310 romnus

175 475 183 494 ,
272 421 478 506 Nicephorum
494 413 661 504 Gregoram
679 414 774 478 multa
794 436 864 478 cum
884 417 1069 500 acrimonia,
1105 429 1137 485 et
1149 421 1244 486 huius
1261 423 1358 507 posita

273 525 323 606 (ne
355 521 485 605 amplius
514 519 678 584 verbonun
708 517 741 578 in
773 533 807 578 re
836 537 944 599 parum
970 519 1110 603 ambigua
1136 527 1359 606 consumamus)

269 622 431 686 manifeste
451 621 539 684 nobis
558 615 769 700 astipulantur.
818 617 883 680 Ubi
903 639 976 700 prae
993 619 1198 704 indignatione
1217 624 1359 686 dissimu-

271 721 350 786 latae
364 739 510 805 personna
521 721 701 796 immemor,
730 735 867 780 causamn
882 739 968 780 suam
986 723 1155 783 accuratius
1170 725 1244 806 egit,
1266 744 1361 806 mann

271 821 348 886 alius
366 843 423 906 pro
441 843 477 883 eo
497 822 621 904 egissets
643 819 762 880 tametsi
779 817 811 880 id
831 819 1025 901 postmodum
1043 819 1305 905 animadvertens,
1326 825 1360 884 in
1464 835 1465 856 t

271 924 353 984 viam
367 921 490 1000 redeat,
512 939 705 1002 rursumque
722 919 776 1001 qui
794 921 852 998 sit,
883 919 1072 984 dissimulare
1090 923 1218 987 studeat.

353 1022 497 1106 Sequitur
519 1031 554 1082 ut
578 1020 618 1082 de
644 1019 819 1082 oeconomia
846 1019 981 1082 breviter
996 1031 1033 1084 te
1060 1043 1248 1086 moneamus.
1301 1023 1360 1087 His

177 1180 181 1200 ,
270 1133 401 1206 quatuor
427 1121 513 1184 libris
539 1139 587 1182 res
607 1119 665 1182 snb
686 1131 817 1202 utroque
841 1119 1037 1200 Andronico,
1077 1143 1154 1203 avo,
1183 1136 1216 1186 et
1235 1136 1359 1208 nepote,

272 1233 304 1284 et
325 1221 383 1283 sub
403 1221 612 1282 Cantacuzeno
625 1219 757 1280 tiliorum
780 1221 898 1302 nepotis
917 1231 1035 1299 tutore,
1064 1231 1156 1308 etipse
1177 1226 1361 1304 imperatore

269 1331 370 1404 gestae
385 1319 602 1402 explanantura
634 1321 697 1398 sic,
718 1329 755 1380 ut
772 1321 892 1402 ¹primus
912 1319 1097 1382 discordiam
1126 1331 1157 1382 et
1172 1321 1253 1383 bella
1278 1323 1361 1382 inter
1464 1349 1465 1352 ¹

269 1419 480 1482 Andronicosr
514 1417 591 1480 alter
612 1419 775 1501 imperinm
794 1420 939 1480 minorisa
977 1423 1085 1482 tertius
1110 1419 1225 1482 bellum
1248 1421 1360 1482 Canta-
1464 1409 1465 1422 ¹

268 1520 372 1581 crusni
411 1523 496 1581 cnm'
518 1519 771 1580 obtrectatoribus
800 1521 1003 1582 etinimicis:
1031 1532 1201 1604 postremus
1226 1521 1362 1583 eiusdem

267 1619 391 1682 victoris
419 1641 456 1682 aa
485 1618 715 1701 triumphatoris
737 1629 876 1702 tempora
895 1623 1167 1702 persequatureoin
1190 1641 1251 1702 quc
1268 1623 1361 1682 etiam

266 1718 486 1799 subtexuntur,
518 1741 596 1802 quae
610 1722 690 1781 inter
712 1720 857 1782 loannem
871 1719 1089 1803 Palaeologum
1111 1721 1279 1804 legitimum
1299 1719 1358 1780 be-
1464 1749 1465 1754 ¹

266 1817 391 1897 redens,
424 1830 454 1882 et
466 1821 561 1904 patris
579 1822 626 1880 sui
641 1818 810 1880 Andronici
826 1836 1040 1898 successorem,
1061 1840 1260 1902 socerumque
1275 1819 1358 1888 Can·

264 1927 464 1997 tacuzenum,
494 1928 525 1980 et
548 1917 683 1982 eiusdem
704 1917 802 1980 filiurn
816 1919 1005 1982 Matthaeum
1020 1921 1104 2002 (cum
1124 1919 1236 2002 quibus
1250 1919 1358 1978 ambo-

265 2019 323 2084 bus
338 2018 496 2082 dissidium
510 2021 538 2080 ei
552 2018 740 2098 intercessit)
753 2021 956 2102 contigerunt.
1000 2019 1134 2081 Tametsi
1149 2028 1180 2080 et
1192 2020 1224 2079 in
1237 2017 1360 2079 duobus

266 2118 419 2202 prioribus
441 2129 505 2180 tarn
528 2117 624 2179 multa
645 2117 685 2178 de
712 2117 923 2180 Cantacuaeno
943 2129 1180 2180 commemorata
1201 2127 1293 2196 sunt,
1323 2126 1361 2178 ut

267 2217 351 2302 quod
366 2219 397 2278 in
412 2217 538 2300 epistola
552 2217 640 2278 Nilus
655 2220 709 2298 ait,
729 2239 799 2280 eum
814 2213 1001 2300 sdroupydu,
1012 2217 1072 2279 hoe
1086 2227 1143 2298 est,
1164 2216 1255 2280 rebus
1269 2217 1360 2298 ipsis·

267 2329 332 2380 met
352 2338 475 2398 coram,
513 2328 717 2398 utactcrem,
753 2315 894 2401 affuisse,
923 2315 1165 2404 aequedcillis,
1198 2311 1358 2401 utdepo-

268 2417 445 2480 sterioribus
469 2415 699 2502 intelligendum
721 2417 873 2481 videatur.

200 2527 201 2530 ’
350 2519 444 2580 Gesta
466 2529 538 2580 sunt
561 2530 664 2581 aut·
685 2522 788 2582 omnia
809 2519 849 2580 ab
873 2541 953 2582 anno
975 2531 1044 2604 post
1067 2519 1224 2582 Christum
1252 2529 1362 2580 natum

267 2617 428 2682 millesimo
441 2621 652 2702 trecentesimo
672 2623 819 2704 vigesimo
833 2623 954 2704 primo,
987 2619 1026 2682 ad
1040 2641 1155 2682 annum
1169 2619 1239 2702 plus
1259 2621 1362 2680 minus

268 2720 552 2803 quinquagesimum
573 2741 708 2800 nonum,
738 2722 825 2782 annis
846 2723 992 2781 nimirum
1013 2721 1143 2804 triginta·
1158 2737 1287 2796 novem,
1308 2727 1364 2778 aut

251 2819 400 2880 circiter.
446 2819 496 2880 Sic
518 2821 600 2882 enim
622 2821 771 2882 rationem
790 2797 998 2882 subducimus.
1040 2817 1181 2898 ,hiiehael
1199 2815 1363 2878 Palaeolo-

151 2947 156 2956 ·
210 2960 215 2970 -
266 2937 324 3002 gus
349 2916 464 3001 collega
478 2921 575 3002 patr-is
597 2922 645 2982 sui
659 2919 828 2982 Andronici
851 2931 991 2982 mortuus
1006 2929 1052 2980 est
1065 2916 1225 2978 millesimo
1239 2927 1364 2978 uccen-

266 3019 375 3078 tesimo
389 3019 536 3101 vigesimo
555 3021 667 3103 primo.
709 3019 828 3082 Eodem
850 3021 916 3101 ipso
931 3037 1011 3079 anno
1035 3018 1104 3099 (sia
1117 3015 1288 3100 Septembri
1301 3015 1363 3078 du-

267 3139 319 3180 cas
334 3119 405 3178 anni
421 3120 554 3198 initium,
581 3131 617 3180 ut
632 3121 739 3181 Graeci
754 3119 878 3200 ducunt)
894 3118 1008 3182 bellum
1022 3120 1101 3180 inter
1115 3139 1229 3198 avum,
1260 3127 1292 3179 et
1305 3137 1363 3178 ne·

269 3229 371 3300 potem
385 3219 507 3299 enmsit,
528 3217 711 3303 duravitque
730 3222 904 3284 sexennium
934 3231 965 3282 et
978 3241 1112 3284 mensem
1139 3237 1257 3297 unum,
1278 3227 1314 3279 ut
1329 3220 1365 3280 in

268 3315 352 3378 ealce
373 3316 443 3378 libri
464 3320 556 3400 primi
576 3317 705 3382 relatum
719 3331 775 3383 est.
816 3321 908 3386 Victo
922 3341 1002 3401 avc,
1023 3341 1118 3404 nepos
1132 3317 1215 3382 solus
1229 3317 1367 3400 praeibit

270 3419 399 3500 imperio
412 3420 640 3504 annisviginti,
660 3424 687 3484 si
701 3443 809 3485 verum
831 3423 936 3485 scribit
957 3424 1121 3506 Gregoras.
1164 3422 1235 3500 Quo
1250 3439 1268 3480 e
1281 3419 1367 3480 vivis
1464 3499 1465 3510 ἵ

270 3515 410 3599 sublato,
431 3519 619 3602 pupillorum
640 3521 766 3584 tutelam
787 3525 877 3607 gessit
892 3523 1140 3600 Cantacuzenus,
1165 3521 1216 3581 vix
1231 3537 1364 3592 annum,
1464 3565 1465 3600 3

269 3627 306 3678 ut
319 3615 461 3702 colligere
481 3631 548 3682 est:
579 3621 724 3685 adver'sus
747 3645 838 3706 mrem
859 3621 968 3684 deinde
989 3632 1024 3682 ut
1048 3631 1213 3704 tyrannum
1236 3617 1366 3678 nomine
1464 3639 1465 3662 1

269 3715 393 3778 viduae*
408 3721 626 3804 imperatricis,
663 3736 693 3786 et
724 3724 855 3786 liberum
884 3727 948 3786 eius
970 3721 1085 3784 bellum
1116 3719 1368 3782 administratum

165 3831 167 3836 “
270 3819 416 3879 estannis
430 3823 575 3904 quinque.
606 3823 655 3886 Eo
669 3824 755 3888 finito
768 3827 1006 3903 Cantacnzenus,
1022 3822 1094 3885 data
1109 3821 1216 3883 loanni
1231 3815 1366 3880 Palaeo-
1464 3833 1465 3850 ³

269 3919 340 4006 logo
355 3924 388 3983 in
408 3927 636 3990 matrimonium
657 3928 740 4008 filia,
762 3929 866 3990 decem
880 3945 976 3988 annos
990 3925 1029 3986 ab
1044 3945 1080 3986 eo
1094 3923 1269 4007 paciscitur,
1290 3919 1366 4000 qui-

270 4021 329 4086 bus
343 4043 435 4106 penes
450 4047 482 4087 se
496 4030 615 4110 imperii
632 4029 810 4113 gubernatio
831 4049 902 4090 cum
916 4027 1039 4089 nomine
1053 4033 1192 4086 maneat:
1216 4037 1309 4104 penes
1322 4015 1367 4078 il·
1464 4023 1465 4092 Ϊ

272 4121 337 4186 lum
361 4143 474 4189 nomeu
511 4127 666 4192 dumtaxat
695 4141 726 4193 et
752 4129 882 4214 dignitas
912 4127 1127 4212 imperatoria,
1157 4119 1253 4186 donec
1277 4125 1366 4180 aetas
