2986 4862
436 357 722 426 msronrsnmr
751 367 793 427 rr.
822 369 854 439 9.
1111 334 1197 422 363

120 503 321 592 Φιλοκρήνην
332 509 544 593 συνελθόντες,
558 515 678 579 ἐκεῖθέν
690 537 725 577 τε
741 513 781 579 οδ
795 512 874 580 πολύ
893 505 1021 580 dantes
1034 516 1093 580 τοό
1108 521 1349 604 oreo-Mam

32 628 37 642 ·
118 605 257 668 τοπέδου
272 601 416 694 Ὀρχόνη
435 607 610 698 παριόντες,
631 607 730 698 ήλθον
745 617 790 690 ει’ς
802 613 989 700 Σκουτόριον
1008 611 1065 678 καί
1077 616 1206 702 ἐπεραι.

119 704 253 788 ῶθησαν
276 707 321 782 εἰς
336 706 513 786 Βυζάντιον
533 705 635 787 ἀδεῶς
654 714 774 777 ἐκεῖθέν
798 738 831 778 τε
850 709 1053 796 ἀνεχώρησαν
1077 715 1205 792 ἕκαστος

122 803 173 866 ἀπ’
198 799 294 867 οἴκου.
313 805 462 887 βασιλεύς
477 810 512 872 δὲ
524 807 596 885 τούς
613 812 657 887 εἰς
675 808 709 876 τό
727 809 939 898 στρατόπεδον
954 809 1205 898 διαθρυλλήσαν-

95 893 179 976 5τσς
205 898 250 976 ῶς
270 904 430 988 ἐτεθνήκει
437 957 447 987 ,
481 907 515 972 όν
538 907 655 986 αι’τίαις
678 911 737 992 μὲν
757 910 923 996 ἐποιήσατο
942 913 998 975 καί
1015 909 1222 997 κατηγόρησε,

117 996 220 1062 πολλοὶ
229 1051 240 1080 ,
261 999 367 1066 ούκέτι
384 1005 420 1068 δὲ
437 1009 493 1070 καί
507 1005 723 1093 ἐτιμωρήσατο
743 1009 838 1088 ἀξίως
854 1011 909 1094 τῆς
926 1007 1113 1094 κακουργίας
1127 1003 1204 1074 ἑαυ-

117 1097 202 1178 τῶν,
231 1099 302 1190 ιδεέι
322 1105 381 1164 τοῦ
400 1101 445 1187 μή
466 1105 568 1170 δοκεῖν
591 1109 636 1196 τῷ
659 1103 739 1194 πρός
767 1105 821 1172 τόν
841 1103 968 1172 πάππον
991 1109 1046 1174 κατ’
1070 1112 1238 1190 tactust>

117 1191 210 1280 ἔχθει
228 1191 406 1280 ἀμύνεσθαι
429 1201 553 1280 αὐτούς.

204 1293 247 1362 θ’.
283 1291 414 1384 Ὀλίμας
440 1303 476 1368 δὲ
499 1301 706 1391 όνδιατρίψας
721 1299 843 1392 ήμέρας
859 1307 1042 1392 Βυζαντιλρ,
1063 1305 1134 1371 ἐπεὶ
1151 1309 1207 1371 καί

72 1388 138 1458 tori
157 1394 261 1482 μηρός
280 1399 368 1485 αύτῷ
384 1395 447 1464 ἀπό
468 1405 526 1468 τού
547 1399 725 1490 τραύματος
740 1398 824 1487 εἶχεν
844 1401 957 1488 ύγιῶς,
989 1401 1125 1482 ἔξελθῶν
1146 1396 1206 1488 ήλ-

117 1499 177 1558 osv
193 1497 239 1572 εἰς
257 1495 489 1583 Διδομότειχον
512 1499 568 1565 καὶ
589 1497 628 1568 τό
648 1501 722 1588 περὶ
743 1501 801 1587 τήν
823 1503 1009 1590 Ἀδριανοῦ.
1038 1501 1205 1589 διατρίβων

118 1595 155 1660 δὲ
172 1595 252 1676 ἐκεῖ,
286 1597 341 1661 καί
364 1597 497 1664 πάντοτε
519 1601 580 1682 μὲν
599 1598 700 1686 ἡδέως
721 1597 788 1685 εἶχε
815 1605 862 1692 τῷ*
883 1601 1008 1690 μεγόλιρ
1033 1600 1204 1690 δομεστίκιρ

117 1701 259 1758 συνεῖναι
274 1698 330 1760 καί
342 1692 480 1782 ὅμιλεϊν,
502 1698 546 1778 ῶς
563 1703 618 1764 καί
637 1700 831 1787 διημερεύειν
849 1695 964 1778 αύτούς
980 1701 1290 1774 notissimarum

118 1791 371 1879 διανυκτερεύειν
396 1797 432 1861 όν
458 1808 530 1875 ταῖς
557 1795 703 1881 όμιλιάις·
739 1800 794 1864 καί
819 1800 888 1865 τότε
910 1803 945 1865 δὲ
966 1799 1082 1883 ὁμιλῶν
1107 1797 1204 1886 αύτῷ,

74 1889 176 1975 ιὸιής
208 1891 346 1976 ἀρχαίας
369 1917 405 1960 τε
431 1892 659 1984 ἀνεμίμνησκεν
688 1897 788 1965 αὐτόν
820 1897 900 1986 πρός
924 1900 1078 1986 ἀλλήλους
1096 1895 1205 1984 φιλίας

116 1987 174 2054 καί
189 1997 247 2076 τῆς
260 1991 419 2081 κατάκρας
440 1999 615 2084 συναφείας
632 1992 691 2062 ούκ
716 2001 750 2064 ἓν
768 2000 931 2086 παρέργηι,
954 1994 1034 2064 ἀλλά
1055 1995 1135 2079 μετύ
1155 2019 1205 2061 τι-

116 2111 170 2164 νος
190 2092 355 2176 φροντιδος
381 2097 437 2160 καί
457 2097 614 2182 σπουδῆς,
650 2089 775 2162 καλῶν
798 2100 901 2186 μικρῷ
923 2093 1060 2184 πρόσθεν
1087 2091 1204 2180 εἰρήκει

115 2185 195 2274 πρός
215 2185 329 2275 αὐτόν,
359 2187 413 2259 ότε
431 2197 507 2281 περί
521 2195 698 2284 Συργιόννη
720 2198 819 2264 ἐδεῖτο
836 2200 891 2284 τῆς
907 2195 1028 2284 εἱρκτῆς
1042 2190 1206 2278 ἀπολυθή-

117 2313 192 2372 ναι,
222 2289 280 2373 ῶς,
313 2283 383 2358 οότ’
401 2288 441 2360 όν
467 2292 516 2382 εἴη
535 2321 566 2362 τι
589 2299 651 2362 τῶν
677 2297 801 2363 πόντων
829 2293 847 2362 ό
868 2295 948 2362 κατοὶ
968 2298 1095 2381 γνῶμην
1120 2293 1205 2382 αύτῷ

70 2393 305 2474 σοπραχδήναι
330 2385 364 2456 όν
382 2391 484 2460 αύτόν
500 2395 651 2482 ἐθελήσαι
671 2387 711 2460 ῶν
726 2420 798 2461 ποτε
812 2399 970 2478 κωλύσαι,
992 2389 1071 2460 ἀλλὰ
1089 2415 1205 2477 συγκα-

115 2488 330 2572 τεργάσεσδαι
352 2490 434 2579 πόση
452 2495 574 2582 σπουδή
583 2543 592 2577 ,
623 2487 697 2559 ούτε
715 2497 745 2560 εἰ
768 2491 848 2559 κατὰ
866 2493 904 2580 δή
928 2519 999 2559 τινα
1017 2487 1133 2580 τρόπον
1150 2488 1205 2555 δό-

117 2591 199 2664 ξειεν
219 2587 306 2678 αύτῷ
321 2591 377 2674 τῆς
402 2593 503 2667 οἰκίας
518 2592 700 2658 ἀποστάντα
720 2597 776 2658 καί
798 2591 959 2680 φιλτάτων
983 2589 1039 2654 καί
1059 2585 1206 2674 γυναικὸς

117 2687 174 2750 καὶ
192 2685 382 2769 ουμπόντιον
410 2691 508 2756 staro
528 2691 721 2776 χρημάτων,
758 2694 807 2758 ἐπ’
831 2689 1000 2776 ἀλλοτρίας
1022 2689 1253 2772 διατρίβεινβ,

116 2782 312 2871 δυνήσεσθαι
339 2779 380 2854 ῶν
404 2811 481 2856 ποτε
511 2785 751 2876 ἀποστήσεσθαι
778 2785 880 2856 ositeri
887 2841 898 2874 ,
941 2783 1022 2866 ἀλλὰ
1055 2785 1114 2872 τήν
1145 2785 1206 2867 μὲν

115 2993 172 3032 nen
199 2981 342 3035 convenit:
371 2980 491 3055 indeque
515 2999 571 3036 non
594 2983 691 3052 procul
714 2984 840 3035 acastris
866 2977 998 3034 Orchenis
1026 2985 1207 3042 transeuntes,

116 3047 269 3106 διοικεῖται
282 3063 463 3117 accesserunt,
482 3061 511 3106 et
526 3053 684 3122 Byzantium
702 3053 791 3106 libere
808 3053 983 3114 traiecerunt,
1000 3049 1072 3104 unde
1092 3049 1127 3102 cd
1144 3065 1208 3101 suos

114 3121 235 3244 ηοίεηιιε
262 3123 331 3178 lares
350 3125 486 3176 remeavit.
522 3125 751 3194 imperatoreos,
778 3124 826 3193 qui
843 3123 878 3176 de
896 3131 981 3174 morte
1000 3137 1049 3174 sua
1066 3122 1096 3172 in
1114 3119 1209 3172 castris

129 3189 182 3244 αλια
196 3209 241 3246 am
260 3193 479 3257 disseminarunt,
497 3196 619 3248 criminis
638 3193 786 3246 damnabat
803 3194 850 3246 iile
867 3191 978 3263 quidem
990 3197 1210 3311 mogoopcseffiue'

115 3261 273 3318 accusabat:
293 3283 349 3318 non
366 3273 457 3318 umen
476 3281 526 3335 pro
544 3267 643 3320 merito
660 3265 812 3332 multabat3
834 3263 935 3318 veritus
952 3263 1072 3327 scilicet,
1090 3277 1126 3314 ne
1144 3277 1160 3313 ο
1181 3260 1209 3312 io

114 3334 159 3386 evi
176 3333 207 3386 id
228 3335 316 3388 facere
334 3335 479 3388 videretur.

185 3423 211 3474 ρ
248 3405 353 3458 Diebus
377 3423 433 3458 non
457 3405 526 3460 adeo
543 3406 637 3472 multis
655 3404 780 3476 Byzantii
806 3411 1000 3467 commoratos,
1025 3401 1128 3456 femore
1154 3401 1211 3454 iam

114 3483 277 3543 personato,
295 3475 519 3544 Didymotichnm
538 3485 567 3530 et
585 3475 783 3546 Adrianopolin
800 3476 927 3531 excurrit.
961 3473 1020 3538 lbi,
1051 3491 1112 3528 cum
1131 3480 1213 3524 antea

115 3559 225 3615 temper
245 3563 306 3598 cum
326 3563 423 3616 magno
441 3547 591 3600 domestico
609 3555 666 3599 tem
685 3545 804 3598 iucunde
822 3546 853 3597 in
871 3559 995 3596 sermone
1015 3545 1115 3598 versari
1137 3543 1213 3594 sole·

115 3623 173 3676 ret,
193 3626 225 3668 ut
244 3633 324 3686 saepe
342 3619 419 3680 dies,
438 3635 520 3688 caepe
541 3625 634 3671 noctes
653 3616 855 3670 confabulando
881 3624 1118 3676 consumerentur,
1146 3613 1213 3664 dum

115 3685 297 3740 collocutioni
320 3695 434 3752 vocant,
461 3689 561 3741 veteris
589 3687 727 3740 amicitiae
756 3695 785 3738 et
799 3685 975 3748 arctissimae
1000 3683 1213 3764 coniunctionis,

114 3773 173 3807 non
184 3773 234 3826 per
247 3765 431 3820 transennam,
449 3758 497 3810 sed
516 3757 632 3828 cogitato
651 3757 732 3810 etde
753 3754 888 3808 industria
908 3771 969 3808 enm
986 3753 1214 3808 commonefacite

115 3825 228 3878 illorum
246 3837 406 3896 praeterea,
424 3845 493 3899 quae
511 3828 666 3898 nuperrime
683 3845 732 3894 pro
755 3827 903 3895 Syrgianne
920 3841 935 3878 e
950 3843 1055 3878 cascere
1068 3819 1214 3874 liberando

115 3897 223 3966 roganti
240 3898 432 3967 responderat:
452 3895 525 3950 nihil
543 3900 654 3966 penitus
672 3899 731 3950 sore
749 3897 869 3960 scilicet,
897 3894 971 3967 quod
997 3897 1021 3948 si
1047 3895 1096 3946 ilie
1114 3893 1216 3945 sactum

114 3967 217 4030 veliet,
244 3985 301 4020 non
327 3969 400 4022 idem
426 3969 484 4038 ipse
510 3969 609 4035 vellet3
637 3977 665 4022 et
681 3970 711 4020 in
730 3985 785 4038 quo
803 3967 945 4042 efficiendo
963 3983 1019 4019 oon
1039 3966 1121 4018 etism
1139 3963 1216 4014 omni

115 4039 210 4090 studio
229 4039 398 4092 elaboraret:
417 4055 507 4110 neque
526 4041 549 4092 si
569 4057 623 4110 quo
643 4035 726 4090 modo
745 4039 838 4089 relicta
857 4039 960 4108 patrie,
983 4051 1083 4098 uxore,
1109 4033 1214 4095 liberis,

116 4107 240 4180 deniqne
259 4109 340 4162 rebus
359 4111 503 4170 omnibus,
521 4111 551 4164 in
569 4109 628 4160 solo
648 4109 791 4178 peregrino
809 4124 906 4160 nevum
926 4105 1067 4161 traducere
1086 4105 1217 4158 institue-

116 4187 171 4242 ret,
190 4197 272 4249 posse
291 4197 411 4251 unquam
431 4179 465 4232 ab
485 4195 517 4230 eo
535 4178 645 4234 divelli:
664 4177 713 4232 sed
730 4179 806 4248 prius
824 4195 886 4230 eum
905 4177 1167 4246 docturum,·quam
1184 4169 1215 4224 id

116 4251 312 4322 intempestive
333 4259 415 4322 atquc
433 4250 584 4306 insolentes
601 4249 710 4304 iaceret.
754 4250 783 4302 Si
802 4247 837 4301 ab
855 4251 907 4302 ista
924 4247 1076 4318 cupiditate
1093 4250 1214 4298 evertere
