<?xml version="1.0" encoding="UTF-8"?>
<!DOCTYPE html PUBLIC "-//W3C//DTD XHTML 1.0 Transitional//EN"
    "http://www.w3.org/TR/xhtml1/DTD/xhtml1-transitional.dtd">
<html xmlns="http://www.w3.org/1999/xhtml" xml:lang="en" lang="en">
 <head>
  <title>
</title>
<meta http-equiv="Content-Type" content="text/html;charset=utf-8" />
  <meta name='ocr-system' content='tesseract 3.04.00' />
  <meta name='ocr-capabilities' content='ocr_page ocr_carea ocr_par ocr_line ocrx_word'/>
</head>
<body>
  <div class='ocr_page' id='page_1' title='image "./ioanniscantacuz00niebgoog_0013.png"; bbox 0 0 2946 4872; ppageno 0'>
   <div class='ocr_carea' id='block_1_1' title="bbox 291 781 1467 916">
    <p class='ocr_par' dir='ltr' id='par_1_1' title="bbox 291 781 1467 916">
     <span class='ocr_line' id='line_1_1' title="bbox 291 781 1467 916; baseline -0.013 -35"><span class='ocrx_word' id='word_1_1' title='bbox 291 787 596 881; x_wconf 85' lang='lat' dir='ltr'><strong>EDITIONIS</strong></span> <span class='ocrx_word' id='word_1_2' title='bbox 639 781 945 916; x_wconf 72' lang='lat' dir='ltr'><strong>Paalslttaa</strong></span> <span class='ocrx_word' id='word_1_3' title='bbox 979 782 1323 866; x_wconf 74' lang='lat' dir='ltr'><strong>Paaararlo.</strong></span> <span class='ocrx_word' id='word_1_4' title='bbox 1452 857 1467 866; x_wconf 77' lang='grc'><strong><em>,</em></strong></span> 
     </span>
    </p>
   </div>
   <div class='ocr_carea' id='block_1_2' title="bbox 491 1149 1200 1504">
    <p class='ocr_par' dir='ltr' id='par_1_2' title="bbox 491 1149 1200 1504">
     <span class='ocr_line' id='line_1_2' title="bbox 491 1149 1200 1317; baseline -0.007 1"><span class='ocrx_word' id='word_1_5' title='bbox 491 1149 1067 1317; x_wconf 78' lang='lat' dir='ltr'><strong>&#39;rncronr</strong></span> <span class='ocrx_word' id='word_1_6' title='bbox 1195 1243 1200 1252; x_wconf 94' lang='lat'><strong>·</strong></span> 
     </span>
     <span class='ocr_line' id='line_1_3' title="bbox 656 1389 1128 1504; baseline -0.006 0"><span class='ocrx_word' id='word_1_7' title='bbox 656 1424 959 1504; x_wconf 70' lang='lat' dir='ltr'><strong>canorum</strong></span> <span class='ocrx_word' id='word_1_8' title='bbox 1125 1389 1128 1397; x_wconf 38' lang='lat'><strong>⁴</strong></span> 
     </span>
    </p>
   </div>
   <div class='ocr_carea' id='block_1_3' title="bbox 269 1749 1370 4268">
    <p class='ocr_par' dir='ltr' id='par_1_3' title="bbox 269 1749 1370 4268">
     <span class='ocr_line' id='line_1_4' title="bbox 269 1749 1354 1882; baseline -0.01 -17"><span class='ocrx_word' id='word_1_9' title='bbox 269 1749 442 1864; x_wconf 84' lang='lat' dir='ltr'><strong>Secundus</strong></span> <span class='ocrx_word' id='word_1_10' title='bbox 463 1807 494 1860; x_wconf 90' lang='lat' dir='ltr'><strong>et</strong></span> <span class='ocrx_word' id='word_1_11' title='bbox 518 1797 764 1882; x_wconf 81' lang='lat' dir='ltr'><strong>quadragesimus</strong></span> <span class='ocrx_word' id='word_1_12' title='bbox 784 1817 882 1858; x_wconf 83' lang='lat' dir='ltr'><strong>annus</strong></span> <span class='ocrx_word' id='word_1_13' title='bbox 901 1798 951 1860; x_wconf 87' lang='lat' dir='ltr'><strong>hic</strong></span> <span class='ocrx_word' id='word_1_14' title='bbox 968 1799 1092 1880; x_wconf 59' lang='lat' dir='ltr'><strong>&#39;agiam</strong></span> <span class='ocrx_word' id='word_1_15' title='bbox 1123 1799 1282 1878; x_wconf 86' lang='lat' dir='ltr'><strong>postquam</strong></span> <span class='ocrx_word' id='word_1_16' title='bbox 1303 1791 1354 1854; x_wconf 89' lang='lat' dir='ltr'><strong>la-</strong></span> 
     </span>
     <span class='ocr_line' id='line_1_5' title="bbox 269 1885 1355 1962; baseline -0.006 -1"><span class='ocrx_word' id='word_1_17' title='bbox 269 1885 365 1962; x_wconf 80' lang='lat' dir='ltr'><strong>cobus</strong></span> <span class='ocrx_word' id='word_1_18' title='bbox 389 1899 546 1960; x_wconf 88' lang='lat' dir='ltr'><strong>Pontanns</strong></span> <span class='ocrx_word' id='word_1_19' title='bbox 564 1899 719 1960; x_wconf 88' lang='lat' dir='ltr'><strong>Societatis</strong></span> <span class='ocrx_word' id='word_1_20' title='bbox 740 1898 808 1957; x_wconf 87' lang='lat' dir='ltr'><strong>lesu</strong></span> <span class='ocrx_word' id='word_1_21' title='bbox 825 1897 968 1958; x_wconf 91' lang='lat' dir='ltr'><strong>loannem</strong></span> <span class='ocrx_word' id='word_1_22' title='bbox 981 1901 1222 1958; x_wconf 83' lang='lat' dir='ltr'><strong>Cantacuzenum</strong></span> <span class='ocrx_word' id='word_1_23' title='bbox 1242 1893 1355 1954; x_wconf 89' lang='lat' dir='ltr'><strong>Orien·</strong></span> 
     </span>
     <span class='ocr_line' id='line_1_6' title="bbox 269 1995 1354 2082; baseline -0.009 -22"><span class='ocrx_word' id='word_1_24' title='bbox 269 2003 310 2062; x_wconf 89' lang='lat' dir='ltr'><strong>tis</strong></span> <span class='ocrx_word' id='word_1_25' title='bbox 330 1999 547 2082; x_wconf 81' lang='lat' dir='ltr'><strong>Imperatorem</strong></span> <span class='ocrx_word' id='word_1_26' title='bbox 569 1997 725 2080; x_wconf 89' lang='lat' dir='ltr'><strong>epalliato</strong></span> <span class='ocrx_word' id='word_1_27' title='bbox 744 2007 881 2080; x_wconf 84' lang='lat' dir='ltr'><strong>togatum</strong></span> <span class='ocrx_word' id='word_1_28' title='bbox 901 1997 992 2058; x_wconf 81' lang='lat' dir='ltr'><strong>fecit:</strong></span> <span class='ocrx_word' id='word_1_29' title='bbox 1014 1997 1053 2055; x_wconf 92' lang='lat' dir='ltr'><strong>de</strong></span> <span class='ocrx_word' id='word_1_30' title='bbox 1073 1995 1201 2072; x_wconf 86' lang='lat' dir='ltr'><strong>Graeco,</strong></span> <span class='ocrx_word' id='word_1_31' title='bbox 1216 1996 1354 2075; x_wconf 90' lang='lat' dir='ltr'><strong>inquam,</strong></span> 
     </span>
     <span class='ocr_line' id='line_1_7' title="bbox 270 2091 1356 2184; baseline -0.009 -23"><span class='ocrx_word' id='word_1_32' title='bbox 270 2101 303 2161; x_wconf 88' lang='lat' dir='ltr'><strong>in</strong></span> <span class='ocrx_word' id='word_1_33' title='bbox 318 2101 461 2160; x_wconf 90' lang='lat' dir='ltr'><strong>Latinum</strong></span> <span class='ocrx_word' id='word_1_34' title='bbox 476 2098 628 2184; x_wconf 79' lang='lat' dir='ltr'><strong>eleganter</strong></span> <span class='ocrx_word' id='word_1_35' title='bbox 645 2099 813 2182; x_wconf 69' lang='lat' dir='ltr'><strong>conqertit:</strong></span> <span class='ocrx_word' id='word_1_36' title='bbox 843 2107 990 2180; x_wconf 81' lang='lat' dir='ltr'><strong>togaeque</strong></span> <span class='ocrx_word' id='word_1_37' title='bbox 1011 2098 1075 2156; x_wconf 89' lang='lat' dir='ltr'><strong>eius</strong></span> <span class='ocrx_word' id='word_1_38' title='bbox 1090 2106 1177 2156; x_wconf 87' lang='lat' dir='ltr'><strong>notas</strong></span> <span class='ocrx_word' id='word_1_39' title='bbox 1197 2091 1356 2176; x_wconf 79' lang='lat' dir='ltr'><strong>pererudi-</strong></span> 
     </span>
     <span class='ocr_line' id='line_1_8' title="bbox 270 2193 1356 2283; baseline -0.008 -22"><span class='ocrx_word' id='word_1_40' title='bbox 270 2209 319 2261; x_wconf 87' lang='lat' dir='ltr'><strong>tas</strong></span> <span class='ocrx_word' id='word_1_41' title='bbox 336 2199 431 2263; x_wconf 86' lang='lat' dir='ltr'><strong>veluti</strong></span> <span class='ocrx_word' id='word_1_42' title='bbox 446 2219 615 2283; x_wconf 76' lang='lat' dir='ltr'><strong>purpuram</strong></span> <span class='ocrx_word' id='word_1_43' title='bbox 633 2200 780 2277; x_wconf 83' lang='lat' dir='ltr'><strong>intexuit,</strong></span> <span class='ocrx_word' id='word_1_44' title='bbox 801 2219 841 2260; x_wconf 86' lang='lat' dir='ltr'><strong>ne</strong></span> <span class='ocrx_word' id='word_1_45' title='bbox 859 2195 973 2260; x_wconf 85' lang='lat' dir='ltr'><strong>scili&#39;cet</strong></span> <span class='ocrx_word' id='word_1_46' title='bbox 991 2207 1091 2258; x_wconf 90' lang='lat' dir='ltr'><strong>terrae</strong></span> <span class='ocrx_word' id='word_1_47' title='bbox 1104 2196 1249 2258; x_wconf 78' lang='lat' dir='ltr'><strong>Graeciae</strong></span> <span class='ocrx_word' id='word_1_48' title='bbox 1269 2193 1356 2275; x_wconf 88' lang='lat' dir='ltr'><strong>prin-</strong></span> 
     </span>
     <span class='ocr_line' id='line_1_9' title="bbox 270 2292 1357 2382; baseline -0.006 -22"><span class='ocrx_word' id='word_1_49' title='bbox 270 2319 342 2381; x_wconf 88' lang='lat' dir='ltr'><strong>ceps</strong></span> <span class='ocrx_word' id='word_1_50' title='bbox 363 2301 396 2360; x_wconf 87' lang='lat' dir='ltr'><strong>in</strong></span> <span class='ocrx_word' id='word_1_51' title='bbox 418 2298 575 2382; x_wconf 88' lang='lat' dir='ltr'><strong>publicum</strong></span> <span class='ocrx_word' id='word_1_52' title='bbox 597 2300 662 2361; x_wconf 89' lang='lat' dir='ltr'><strong>sine</strong></span> <span class='ocrx_word' id='word_1_53' title='bbox 684 2319 820 2382; x_wconf 86' lang='lat' dir='ltr'><strong>purpura</strong></span> <span class='ocrx_word' id='word_1_54' title='bbox 839 2297 987 2382; x_wconf 84' lang='lat' dir='ltr'><strong>prodiret.</strong></span> <span class='ocrx_word' id='word_1_55' title='bbox 1041 2297 1147 2378; x_wconf 89' lang='lat' dir='ltr'><strong>ltaque</strong></span> <span class='ocrx_word' id='word_1_56' title='bbox 1165 2294 1254 2378; x_wconf 78' lang='lat' dir='ltr'><strong>longe</strong></span> <span class='ocrx_word' id='word_1_57' title='bbox 1275 2292 1357 2374; x_wconf 87' lang='lat' dir='ltr'><strong>opti-</strong></span> 
     </span>
     <span class='ocr_line' id='line_1_10' title="bbox 271 2391 1356 2480; baseline -0.006 -20"><span class='ocrx_word' id='word_1_58' title='bbox 271 2419 357 2460; x_wconf 90' lang='lat' dir='ltr'><strong>mum</strong></span> <span class='ocrx_word' id='word_1_59' title='bbox 379 2397 558 2462; x_wconf 85' lang='lat' dir='ltr'><strong>historicum</strong></span> <span class='ocrx_word' id='word_1_60' title='bbox 589 2409 620 2462; x_wconf 88' lang='lat' dir='ltr'><strong>et</strong></span> <span class='ocrx_word' id='word_1_61' title='bbox 647 2399 801 2461; x_wconf 88' lang='lat' dir='ltr'><strong>veteribus</strong></span> <span class='ocrx_word' id='word_1_62' title='bbox 825 2419 928 2460; x_wconf 86' lang='lat' dir='ltr'><strong>rerum</strong></span> <span class='ocrx_word' id='word_1_63' title='bbox 958 2397 1155 2480; x_wconf 78' lang='lat' dir='ltr'><strong>scriptoribus</strong></span> <span class='ocrx_word' id='word_1_64' title='bbox 1177 2397 1242 2460; x_wconf 86' lang='lat' dir='ltr'><strong>aine</strong></span> <span class='ocrx_word' id='word_1_65' title='bbox 1261 2391 1356 2454; x_wconf 92' lang='lat' dir='ltr'><strong>dubio</strong></span> 
     </span>
     <span class='ocr_line' id='line_1_11' title="bbox 272 2493 1358 2583; baseline -0.005 -24"><span class='ocrx_word' id='word_1_66' title='bbox 272 2499 532 2582; x_wconf 85' lang='lat' dir='ltr'><strong>comparandum,</strong></span> <span class='ocrx_word' id='word_1_67' title='bbox 570 2522 631 2583; x_wconf 89' lang='lat' dir='ltr'><strong>qua</strong></span> <span class='ocrx_word' id='word_1_68' title='bbox 653 2499 754 2580; x_wconf 84' lang='lat' dir='ltr'><strong>docti,</strong></span> <span class='ocrx_word' id='word_1_69' title='bbox 789 2521 850 2583; x_wconf 91' lang='lat' dir='ltr'><strong>qua</strong></span> <span class='ocrx_word' id='word_1_70' title='bbox 877 2497 989 2559; x_wconf 87' lang='lat' dir='ltr'><strong>indocti</strong></span> <span class='ocrx_word' id='word_1_71' title='bbox 1019 2497 1158 2560; x_wconf 86' lang='lat' dir='ltr'><strong>manibus</strong></span> <span class='ocrx_word' id='word_1_72' title='bbox 1186 2493 1358 2556; x_wconf 81' lang='lat' dir='ltr'><strong>versabant.</strong></span> 
     </span>
     <span class='ocr_line' id='line_1_12' title="bbox 274 2593 1356 2682; baseline -0.006 -25"><span class='ocrx_word' id='word_1_73' title='bbox 274 2597 314 2658; x_wconf 89' lang='lat' dir='ltr'><strong>Hi</strong></span> <span class='ocrx_word' id='word_1_74' title='bbox 339 2609 464 2681; x_wconf 89' lang='lat' dir='ltr'><strong>propter</strong></span> <span class='ocrx_word' id='word_1_75' title='bbox 492 2621 595 2662; x_wconf 89' lang='lat' dir='ltr'><strong>rerum</strong></span> <span class='ocrx_word' id='word_1_76' title='bbox 620 2611 771 2682; x_wconf 83' lang='lat' dir='ltr'><strong>gestarum</strong></span> <span class='ocrx_word' id='word_1_77' title='bbox 796 2601 973 2660; x_wconf 87' lang='lat' dir='ltr'><strong>memoriam</strong></span> <span class='ocrx_word' id='word_1_78' title='bbox 1000 2605 1154 2657; x_wconf 86' lang='lat' dir='ltr'><strong>auctorem</strong></span> <span class='ocrx_word' id='word_1_79' title='bbox 1180 2593 1356 2668; x_wconf 86' lang='lat' dir='ltr'><strong>laudabant,</strong></span> 
     </span>
     <span class='ocr_line' id='line_1_13' title="bbox 273 2691 1358 2784; baseline -0.006 -26"><span class='ocrx_word' id='word_1_80' title='bbox 273 2708 304 2758; x_wconf 87' lang='lat' dir='ltr'><strong>et</strong></span> <span class='ocrx_word' id='word_1_81' title='bbox 325 2699 522 2784; x_wconf 80' lang='lat' dir='ltr'><strong>probabantr&#39;</strong></span> <span class='ocrx_word' id='word_1_82' title='bbox 544 2698 589 2760; x_wconf 93' lang='lat' dir='ltr'><strong>illi</strong></span> <span class='ocrx_word' id='word_1_83' title='bbox 613 2721 716 2760; x_wconf 88' lang='lat' dir='ltr'><strong>rerum</strong></span> <span class='ocrx_word' id='word_1_84' title='bbox 737 2700 911 2762; x_wconf 82' lang='lat' dir='ltr'><strong>divinarum</strong></span> <span class='ocrx_word' id='word_1_85' title='bbox 931 2708 1022 2779; x_wconf 82' lang='lat' dir='ltr'><strong>atque</strong></span> <span class='ocrx_word' id='word_1_86' title='bbox 1036 2696 1238 2756; x_wconf 87' lang='lat' dir='ltr'><strong>humanarum</strong></span> <span class='ocrx_word' id='word_1_87' title='bbox 1260 2691 1358 2753; x_wconf 82' lang='lat' dir='ltr'><strong>scien·</strong></span> 
     </span>
     <span class='ocr_line' id='line_1_14' title="bbox 271 2790 1359 2882; baseline -0.006 -25"><span class='ocrx_word' id='word_1_88' title='bbox 271 2800 348 2860; x_wconf 87' lang='lat' dir='ltr'><strong>tiam</strong></span> <span class='ocrx_word' id='word_1_89' title='bbox 366 2803 400 2860; x_wconf 90' lang='lat' dir='ltr'><strong>in</strong></span> <span class='ocrx_word' id='word_1_90' title='bbox 426 2801 564 2882; x_wconf 88' lang='lat' dir='ltr'><strong>principe</strong></span> <span class='ocrx_word' id='word_1_91' title='bbox 587 2799 809 2882; x_wconf 75' lang='lat' dir='ltr'><strong>suspiciebant:</strong></span> <span class='ocrx_word' id='word_1_92' title='bbox 844 2797 965 2860; x_wconf 86' lang='lat' dir='ltr'><strong>civilem</strong></span> <span class='ocrx_word' id='word_1_93' title='bbox 986 2797 1140 2874; x_wconf 86' lang='lat' dir='ltr'><strong>animum,</strong></span> <span class='ocrx_word' id='word_1_94' title='bbox 1167 2790 1359 2874; x_wconf 70' lang='lat' dir='ltr'><strong>prudntiam</strong></span> 
     </span>
     <span class='ocr_line' id='line_1_15' title="bbox 273 2889 1359 2982; baseline -0.008 -26"><span class='ocrx_word' id='word_1_95' title='bbox 273 2895 356 2957; x_wconf 91' lang='lat' dir='ltr'><strong>domi</strong></span> <span class='ocrx_word' id='word_1_96' title='bbox 386 2897 590 2982; x_wconf 86' lang='lat' dir='ltr'><strong>militiaeque,</strong></span> <span class='ocrx_word' id='word_1_97' title='bbox 630 2899 838 2959; x_wconf 79' lang='lat' dir='ltr'><strong>fortitudinem</strong></span> <span class='ocrx_word' id='word_1_98' title='bbox 867 2900 900 2958; x_wconf 93' lang='lat' dir='ltr'><strong>in</strong></span> <span class='ocrx_word' id='word_1_99' title='bbox 931 2897 1021 2958; x_wconf 87' lang='lat' dir='ltr'><strong>rebus</strong></span> <span class='ocrx_word' id='word_1_100' title='bbox 1049 2891 1227 2954; x_wconf 72' lang='lat' dir='ltr'><strong>hostilibusr</strong></span> <span class='ocrx_word' id='word_1_101' title='bbox 1266 2889 1359 2949; x_wconf 91' lang='lat' dir='ltr'><strong>animi</strong></span> 
     </span>
     <span class='ocr_line' id='line_1_16' title="bbox 272 2985 1361 3081; baseline -0.008 -25"><span class='ocrx_word' id='word_1_102' title='bbox 272 2998 512 3078; x_wconf 78' lang='lat' dir='ltr'><strong>magnitudinem</strong></span> <span class='ocrx_word' id='word_1_103' title='bbox 532 3001 564 3060; x_wconf 90' lang='lat' dir='ltr'><strong>in</strong></span> <span class='ocrx_word' id='word_1_104' title='bbox 585 2999 770 3081; x_wconf 82' lang='lat' dir='ltr'><strong>perferendis</strong></span> <span class='ocrx_word' id='word_1_105' title='bbox 791 3000 934 3074; x_wconf 87' lang='lat' dir='ltr'><strong>iniuriis,</strong></span> <span class='ocrx_word' id='word_1_106' title='bbox 971 3015 1045 3077; x_wconf 88' lang='lat' dir='ltr'><strong>quas</strong></span> <span class='ocrx_word' id='word_1_107' title='bbox 1069 2989 1233 3056; x_wconf 88' lang='lat' dir='ltr'><strong>intulerant</strong></span> <span class='ocrx_word' id='word_1_108' title='bbox 1254 2985 1361 3050; x_wconf 89' lang='lat' dir='ltr'><strong>mode-</strong></span> 
     </span>
     <span class='ocr_line' id='line_1_17' title="bbox 273 3093 1361 3176; baseline -0.005 -24"><span class='ocrx_word' id='word_1_109' title='bbox 273 3097 348 3154; x_wconf 88' lang='lat' dir='ltr'><strong>stiae</strong></span> <span class='ocrx_word' id='word_1_110' title='bbox 375 3099 467 3154; x_wconf 85' lang='lat' dir='ltr'><strong>nescii</strong></span> <span class='ocrx_word' id='word_1_111' title='bbox 509 3107 540 3154; x_wconf 89' lang='lat' dir='ltr'><strong>et</strong></span> <span class='ocrx_word' id='word_1_112' title='bbox 564 3097 690 3175; x_wconf 85' lang='lat' dir='ltr'><strong>pudoris</strong></span> <span class='ocrx_word' id='word_1_113' title='bbox 720 3096 817 3176; x_wconf 80' lang='lat' dir='ltr'><strong>ignari</strong></span> <span class='ocrx_word' id='word_1_114' title='bbox 846 3093 1005 3171; x_wconf 87' lang='lat' dir='ltr'><strong>homines,</strong></span> <span class='ocrx_word' id='word_1_115' title='bbox 1041 3113 1177 3174; x_wconf 89' lang='lat' dir='ltr'><strong>quosque</strong></span> <span class='ocrx_word' id='word_1_116' title='bbox 1203 3111 1238 3150; x_wconf 83' lang='lat' dir='ltr'><strong>ex</strong></span> <span class='ocrx_word' id='word_1_117' title='bbox 1263 3107 1361 3172; x_wconf 90' lang='lat' dir='ltr'><strong>paene</strong></span> 
     </span>
     <span class='ocr_line' id='line_1_18' title="bbox 272 3186 1360 3272; baseline -0.006 -20"><span class='ocrx_word' id='word_1_118' title='bbox 272 3195 368 3252; x_wconf 68' lang='lat' dir='ltr'><strong>seruis</strong></span> <span class='ocrx_word' id='word_1_119' title='bbox 388 3190 500 3253; x_wconf 80' lang='lat' dir='ltr'><strong>liberos</strong></span> <span class='ocrx_word' id='word_1_120' title='bbox 519 3189 653 3272; x_wconf 80' lang='lat' dir='ltr'><strong>fecerat,</strong></span> <span class='ocrx_word' id='word_1_121' title='bbox 683 3201 713 3253; x_wconf 90' lang='lat' dir='ltr'><strong>et</strong></span> <span class='ocrx_word' id='word_1_122' title='bbox 729 3213 764 3252; x_wconf 81' lang='lat' dir='ltr'><strong>er</strong></span> <span class='ocrx_word' id='word_1_123' title='bbox 782 3193 892 3254; x_wconf 85' lang='lat' dir='ltr'><strong>infimis</strong></span> <span class='ocrx_word' id='word_1_124' title='bbox 909 3192 1090 3270; x_wconf 89' lang='lat' dir='ltr'><strong>hominum,</strong></span> <span class='ocrx_word' id='word_1_125' title='bbox 1119 3209 1264 3252; x_wconf 79' lang='lat' dir='ltr'><strong>sannmos.</strong></span> <span class='ocrx_word' id='word_1_126' title='bbox 1296 3186 1360 3246; x_wconf 80' lang='lat' dir='ltr'><strong>De·</strong></span> 
     </span>
     <span class='ocr_line' id='line_1_19' title="bbox 272 3285 1361 3374; baseline -0.005 -23"><span class='ocrx_word' id='word_1_127' title='bbox 272 3291 366 3372; x_wconf 88' lang='lat' dir='ltr'><strong>nique</strong></span> <span class='ocrx_word' id='word_1_128' title='bbox 384 3291 417 3352; x_wconf 92' lang='lat' dir='ltr'><strong>in</strong></span> <span class='ocrx_word' id='word_1_129' title='bbox 438 3291 622 3373; x_wconf 82' lang='lat' dir='ltr'><strong>imperatore</strong></span> <span class='ocrx_word' id='word_1_130' title='bbox 646 3289 836 3354; x_wconf 87' lang='lat' dir='ltr'><strong>clementiam</strong></span> <span class='ocrx_word' id='word_1_131' title='bbox 858 3311 929 3374; x_wconf 72' lang='lat' dir='ltr'><strong>erga</strong></span> <span class='ocrx_word' id='word_1_132' title='bbox 946 3291 1068 3371; x_wconf 87' lang='lat' dir='ltr'><strong>hostes,</strong></span> <span class='ocrx_word' id='word_1_133' title='bbox 1103 3289 1210 3372; x_wconf 81' lang='lat' dir='ltr'><strong>dignos</strong></span> <span class='ocrx_word' id='word_1_134' title='bbox 1225 3285 1361 3370; x_wconf 84' lang='lat' dir='ltr'><strong>prolecto</strong></span> 
     </span>
     <span class='ocr_line' id='line_1_20' title="bbox 273 3383 1361 3474; baseline -0.002 -26"><span class='ocrx_word' id='word_1_135' title='bbox 273 3391 327 3469; x_wconf 92' lang='lat' dir='ltr'><strong>qui</strong></span> <span class='ocrx_word' id='word_1_136' title='bbox 339 3387 461 3450; x_wconf 89' lang='lat' dir='ltr'><strong>hostilia</strong></span> <span class='ocrx_word' id='word_1_137' title='bbox 477 3399 671 3471; x_wconf 85' lang='lat' dir='ltr'><strong>paterentur,</strong></span> <span class='ocrx_word' id='word_1_138' title='bbox 692 3389 886 3474; x_wconf 84' lang='lat' dir='ltr'><strong>fimditusque</strong></span> <span class='ocrx_word' id='word_1_139' title='bbox 901 3387 1099 3468; x_wconf 76' lang='lat' dir='ltr'><strong>tollerentur3</strong></span> <span class='ocrx_word' id='word_1_140' title='bbox 1130 3398 1284 3470; x_wconf 88' lang='lat' dir='ltr'><strong>postremo</strong></span> <span class='ocrx_word' id='word_1_141' title='bbox 1305 3383 1361 3446; x_wconf 90' lang='lat' dir='ltr'><strong>ab·</strong></span> 
     </span>
     <span class='ocr_line' id='line_1_21' title="bbox 275 3483 1363 3573; baseline -0.003 -25"><span class='ocrx_word' id='word_1_142' title='bbox 275 3487 456 3549; x_wconf 84' lang='lat' dir='ltr'><strong>dicationem</strong></span> <span class='ocrx_word' id='word_1_143' title='bbox 478 3488 618 3571; x_wconf 88' lang='lat' dir='ltr'><strong>imperii,</strong></span> <span class='ocrx_word' id='word_1_144' title='bbox 645 3487 929 3573; x_wconf 88' lang='lat' dir='ltr'><strong>despectionemque</strong></span> <span class='ocrx_word' id='word_1_145' title='bbox 945 3509 1081 3551; x_wconf 86' lang='lat' dir='ltr'><strong>summae</strong></span> <span class='ocrx_word' id='word_1_146' title='bbox 1099 3487 1144 3548; x_wconf 90' lang='lat' dir='ltr'><strong>rei</strong></span> <span class='ocrx_word' id='word_1_147' title='bbox 1170 3483 1363 3546; x_wconf 85' lang='lat' dir='ltr'><strong>demiraban-</strong></span> 
     </span>
     <span class='ocr_line' id='line_1_22' title="bbox 273 3583 1365 3676; baseline -0.001 -30"><span class='ocrx_word' id='word_1_148' title='bbox 273 3597 349 3664; x_wconf 87' lang='lat' dir='ltr'><strong>tur,</strong></span> <span class='ocrx_word' id='word_1_149' title='bbox 377 3587 465 3647; x_wconf 88' lang='lat' dir='ltr'><strong>cuius</strong></span> <span class='ocrx_word' id='word_1_150' title='bbox 482 3609 573 3650; x_wconf 88' lang='lat' dir='ltr'><strong>causa</strong></span> <span class='ocrx_word' id='word_1_151' title='bbox 592 3587 731 3676; x_wconf 87' lang='lat' dir='ltr'><strong>plerique</strong></span> <span class='ocrx_word' id='word_1_152' title='bbox 750 3593 819 3652; x_wconf 91' lang='lat' dir='ltr'><strong>iura</strong></span> <span class='ocrx_word' id='word_1_153' title='bbox 835 3589 940 3654; x_wconf 82' lang='lat' dir='ltr'><strong>divina</strong></span> <span class='ocrx_word' id='word_1_154' title='bbox 963 3589 1157 3670; x_wconf 85' lang='lat' dir='ltr'><strong>humanaque</strong></span> <span class='ocrx_word' id='word_1_155' title='bbox 1176 3583 1310 3662; x_wconf 84' lang='lat' dir='ltr'><strong>violant,</strong></span> <span class='ocrx_word' id='word_1_156' title='bbox 1331 3593 1365 3645; x_wconf 85' lang='lat' dir='ltr'><strong>et</strong></span> 
     </span>
     <span class='ocr_line' id='line_1_23' title="bbox 274 3683 1364 3772; baseline -0.002 -27"><span class='ocrx_word' id='word_1_157' title='bbox 274 3705 424 3746; x_wconf 85' lang='lat' dir='ltr'><strong>secessum</strong></span> <span class='ocrx_word' id='word_1_158' title='bbox 443 3687 477 3746; x_wconf 91' lang='lat' dir='ltr'><strong>in</strong></span> <span class='ocrx_word' id='word_1_159' title='bbox 492 3691 730 3769; x_wconf 84' lang='lat' dir='ltr'><strong>monasterium,</strong></span> <span class='ocrx_word' id='word_1_160' title='bbox 758 3710 819 3772; x_wconf 92' lang='lat' dir='ltr'><strong>quo</strong></span> <span class='ocrx_word' id='word_1_161' title='bbox 841 3687 992 3750; x_wconf 86' lang='lat' dir='ltr'><strong>solitarius</strong></span> <span class='ocrx_word' id='word_1_162' title='bbox 1013 3697 1228 3770; x_wconf 86' lang='lat' dir='ltr'><strong>separatusque</strong></span> <span class='ocrx_word' id='word_1_163' title='bbox 1248 3705 1283 3745; x_wconf 86' lang='lat' dir='ltr'><strong>ex</strong></span> <span class='ocrx_word' id='word_1_164' title='bbox 1304 3683 1364 3744; x_wconf 90' lang='lat' dir='ltr'><strong>ho-</strong></span> 
     </span>
     <span class='ocr_line' id='line_1_24' title="bbox 274 3781 1364 3870; baseline -0.004 -26"><span class='ocrx_word' id='word_1_165' title='bbox 274 3786 393 3846; x_wconf 91' lang='lat' dir='ltr'><strong>minum</strong></span> <span class='ocrx_word' id='word_1_166' title='bbox 414 3784 583 3868; x_wconf 77' lang='lat' dir='ltr'><strong>frequentia</strong></span> <span class='ocrx_word' id='word_1_167' title='bbox 604 3790 759 3870; x_wconf 88' lang='lat' dir='ltr'><strong>puriorem</strong></span> <span class='ocrx_word' id='word_1_168' title='bbox 777 3799 808 3849; x_wconf 91' lang='lat' dir='ltr'><strong>et</strong></span> <span class='ocrx_word' id='word_1_169' title='bbox 828 3783 1009 3850; x_wconf 81' lang='lat' dir='ltr'><strong>sanctiorem</strong></span> <span class='ocrx_word' id='word_1_170' title='bbox 1025 3789 1121 3848; x_wconf 80' lang='lat' dir='ltr'><strong>vitam</strong></span> <span class='ocrx_word' id='word_1_171' title='bbox 1138 3787 1264 3848; x_wconf 76' lang='lat' dir='ltr'><strong>viveret.</strong></span> <span class='ocrx_word' id='word_1_172' title='bbox 1306 3781 1364 3860; x_wconf 86' lang='lat' dir='ltr'><strong>Hi,</strong></span> 
     </span>
     <span class='ocr_line' id='line_1_25' title="bbox 274 3881 1367 3969; baseline -0.005 -25"><span class='ocrx_word' id='word_1_173' title='bbox 274 3883 421 3965; x_wconf 86' lang='lat' dir='ltr'><strong>inquam,</strong></span> <span class='ocrx_word' id='word_1_174' title='bbox 441 3883 557 3966; x_wconf 84' lang='lat' dir='ltr'><strong>idest,</strong></span> <span class='ocrx_word' id='word_1_175' title='bbox 578 3887 711 3949; x_wconf 86' lang='lat' dir='ltr'><strong>Graecae</strong></span> <span class='ocrx_word' id='word_1_176' title='bbox 726 3887 847 3969; x_wconf 78' lang='lat' dir='ltr'><strong>linguae</strong></span> <span class='ocrx_word' id='word_1_177' title='bbox 860 3887 973 3965; x_wconf 87' lang='lat' dir='ltr'><strong>nescii,</strong></span> <span class='ocrx_word' id='word_1_178' title='bbox 999 3907 1062 3948; x_wconf 93' lang='lat' dir='ltr'><strong>non</strong></span> <span class='ocrx_word' id='word_1_179' title='bbox 1083 3883 1172 3947; x_wconf 84' lang='lat' dir='ltr'><strong>aliter</strong></span> <span class='ocrx_word' id='word_1_180' title='bbox 1193 3902 1286 3966; x_wconf 90' lang='lat' dir='ltr'><strong>qnam</strong></span> <span class='ocrx_word' id='word_1_181' title='bbox 1302 3881 1367 3940; x_wconf 90' lang='lat' dir='ltr'><strong>La-</strong></span> 
     </span>
     <span class='ocr_line' id='line_1_26' title="bbox 273 3979 1370 4067; baseline -0.002 -23"><span class='ocrx_word' id='word_1_182' title='bbox 273 3982 339 4044; x_wconf 87' lang='lat' dir='ltr'><strong>tine</strong></span> <span class='ocrx_word' id='word_1_183' title='bbox 355 3981 529 4067; x_wconf 88' lang='lat' dir='ltr'><strong>loquentem</strong></span> <span class='ocrx_word' id='word_1_184' title='bbox 540 3983 673 4048; x_wconf 87' lang='lat' dir='ltr'><strong>vellent:</strong></span> <span class='ocrx_word' id='word_1_185' title='bbox 696 3985 760 4064; x_wconf 87' lang='lat' dir='ltr'><strong>illi,</strong></span> <span class='ocrx_word' id='word_1_186' title='bbox 786 3987 818 4046; x_wconf 94' lang='lat' dir='ltr'><strong>id</strong></span> <span class='ocrx_word' id='word_1_187' title='bbox 835 3997 892 4064; x_wconf 85' lang='lat' dir='ltr'><strong>est,</strong></span> <span class='ocrx_word' id='word_1_188' title='bbox 913 3984 1055 4046; x_wconf 82' lang='lat' dir='ltr'><strong>callentes</strong></span> <span class='ocrx_word' id='word_1_189' title='bbox 1070 3985 1228 4064; x_wconf 85' lang='lat' dir='ltr'><strong>utriusque</strong></span> <span class='ocrx_word' id='word_1_190' title='bbox 1243 3979 1370 4062; x_wconf 84' lang='lat' dir='ltr'><strong>linguae</strong></span> 
     </span>
     <span class='ocr_line' id='line_1_27' title="bbox 275 4079 1367 4169; baseline -0.002 -29"><span class='ocrx_word' id='word_1_191' title='bbox 275 4079 390 4143; x_wconf 88' lang='lat' dir='ltr'><strong>diutius</strong></span> <span class='ocrx_word' id='word_1_192' title='bbox 412 4083 490 4144; x_wconf 80' lang='lat' dir='ltr'><strong>ferre</strong></span> <span class='ocrx_word' id='word_1_193' title='bbox 512 4105 574 4146; x_wconf 92' lang='lat' dir='ltr'><strong>non</strong></span> <span class='ocrx_word' id='word_1_194' title='bbox 596 4097 757 4169; x_wconf 89' lang='lat' dir='ltr'><strong>poterant,</strong></span> <span class='ocrx_word' id='word_1_195' title='bbox 785 4096 821 4145; x_wconf 91' lang='lat' dir='ltr'><strong>ut</strong></span> <span class='ocrx_word' id='word_1_196' title='bbox 844 4087 978 4146; x_wconf 86' lang='lat' dir='ltr'><strong>Graccus</strong></span> <span class='ocrx_word' id='word_1_197' title='bbox 1000 4095 1106 4146; x_wconf 86' lang='lat' dir='ltr'><strong>auctor</strong></span> <span class='ocrx_word' id='word_1_198' title='bbox 1132 4081 1238 4158; x_wconf 89' lang='lat' dir='ltr'><strong>aliter,</strong></span> <span class='ocrx_word' id='word_1_199' title='bbox 1271 4099 1367 4163; x_wconf 85' lang='lat' dir='ltr'><strong>quam</strong></span> 
     </span>
     <span class='ocr_line' id='line_1_28' title="bbox 276 4178 1369 4268; baseline -0.002 -28"><span class='ocrx_word' id='word_1_200' title='bbox 276 4183 391 4242; x_wconf 86' lang='lat' dir='ltr'><strong>Graece</strong></span> <span class='ocrx_word' id='word_1_201' title='bbox 410 4181 598 4264; x_wconf 86' lang='lat' dir='ltr'><strong>loqueretur.</strong></span> <span class='ocrx_word' id='word_1_202' title='bbox 647 4184 738 4264; x_wconf 88' lang='lat' dir='ltr'><strong>Quod</strong></span> <span class='ocrx_word' id='word_1_203' title='bbox 760 4203 831 4246; x_wconf 88' lang='lat' dir='ltr'><strong>cum</strong></span> <span class='ocrx_word' id='word_1_204' title='bbox 851 4182 1031 4268; x_wconf 81' lang='lat' dir='ltr'><strong>intelligeret</strong></span> <span class='ocrx_word' id='word_1_205' title='bbox 1060 4181 1283 4246; x_wconf 80' lang='lat' dir='ltr'><strong>illustrissimus</strong></span> <span class='ocrx_word' id='word_1_206' title='bbox 1306 4178 1369 4240; x_wconf 88' lang='lat' dir='ltr'><strong>Vir</strong></span> 
     </span>
    </p>
   </div>
   <div class='ocr_carea' id='block_1_4' title="bbox 0 0 1484 4872">
    <p class='ocr_par' dir='ltr' id='par_1_4' title="bbox 0 0 1484 4872">
     <span class='ocr_line' id='line_1_29' title="bbox 0 0 1484 4872; baseline 0 0"><span class='ocrx_word' id='word_1_207' title='bbox 0 0 1484 4872; x_wconf 95' lang='lat' dir='ltr'><strong> </strong></span> 
     </span>
    </p>
   </div>
  </div>
 </body>
</html>
