2918 4846
443 320 733 404 ussnomsmm
759 345 800 407 rr.
820 349 872 416 ιο.
1137 317 1219 404 555

129 495 171 564 'esi
192 491 389 585 ἰνΘαβωρίρι
403 493 484 574 ’τούς
502 488 651 578 μαθητάς
670 493 876 582 περιλάμψαν
896 497 967 583 φάς
980 488 1084 564 essm
1095 498 1152 564 καί
1163 501 1287 565 sse-lc·
1298 503 1360 574 siis

130 595 285 662 πίστευκα
297 595 351 660 καί
363 590 444 662 εἰναι
457 593 608 678 ὁμολογοῖ.
616 591 685 658 Ἐπί
690 594 813 672 τούτοις
827 597 882 659 καί
888 597 921 660 Γ
917 595 1063 682 ρηγὸριος
1076 595 1093 664 ὁ
1106 603 1222 669 Helue

127 697 197 777 μοῖς
212 695 266 758 καί
278 687 345 759 ὅσοι
360 692 417 760 σύν
429 688 514 782 αύτῷ
522 686 605 778 ἦσαν
617 685 816 770 άναστάντες,
835 693 1037 779 περιάβαλλὸν
1047 719 1081 760 τι
1090 701 1221 782 Βαρλα-

127 793 179 875 ἀμ
198 794 253 858 καί
262 791 444 878 συγγνώμην
453 793 506 857 sissi
517 800 583 866 τοῖς
595 794 757 879 προτέροις
770 783 899 873 άσμενοι
907 799 1069 878 παρεῖχον·
1086 791 1220 880 ἐπῄνουν

104 893 165 958 ὅτε
190 889 246 976 τής
267 894 363 976 καλῆς
388 895 563 977 μεταβολῆς
583 891 698 978 scirpi
717 894 783 978 θεῷ
803 893 858 977 τής
879 887 1025 974 ὁμονοίας
1044 892 1220 977 ὡμολόγουν

125 989 285 1075 χάριτας,
305 989 493 1077 φάσκοντες,
522 991 592 1056 οὐδ’
614 984 707 1056 assises*
724 991 842 1076 γηΐνων
864 992 954 1056 ἓνεκα
972 994 1027 1056 καί
1047 996 1220 1078 φθειρομέ-

127 1112 196 1154 νων
216 1087 411 1176 πραγμάτων
435 1093 584 1156 τοσούτου
603 1087 818 1175 ἐνστήσασθαι
844 1089 949 1173 άγαῖνα
960 1142 970 1174 ,
991 1085 1059 1156 ἀλλ’
1083 1091 1140 1174 Ιἵνα
1158 1089 1216 1178 μή,

127 1191 179 1265 εἰς
198 1190 324 1265 πλείιιυς
352 1189 593 1276 διανεμηθέντος
612 1192 676 1254 τού·
698 1193 815 1272 κακοῦ,
847 1186 869 1274 ἢ
894 1189 1134 1277 διεφθαρμένων
1155 1183 1217 1254 ’δο-

128 1283 263 1370 γμάτων
293 1284 456 1366 άνάιιλεως
472 1287 641 1374 γένηταιή
669 1281 879 1374 δκκλησία,ή
906 1287 1116 1376 διαστασιάσῃ
1138 1285 1243 1374 rspice

90 1381 265 1468 leicestrie,
296 1388 360 1451 τῶν
385 1389 445 1468 μὲν
470 1387 611 1468 τούτοις,
638 1389 703 1452 τῶν
720 1389 756 1452 δὲ
782 1385 910 1463 ἰκείνοις
939 1389 1214 1473 προστιθεμένων,

128 1486 188 1550 καί
204 1481 258 1548 διά
279 1487 372 1550 τούτο
396 1483 453 1550 καί
467 1489 522 1551 τού
541 1483 671 1571 μετρίαν
686 1487 767 1572 πέρα
781 1485 922 1574 δφθήναι
937 1488 1151 1573 φιλονείκους,
1164 1480 1217 1550 ύτε

129 1581 172 1669 δή
191 1584 226 1648 ἰν
249 1585 310 1666 μὲν
328 1591 393 1661 τοίς
426 1576 532 1662 ἄλλοις
549 1579 649 1652 άπασι
668 1583 789 1675 πράους
802 1580 883 1650 εἰναι
900 1587 1139 1669 δεδιδαγμένους
1163 1588 1217 1651 καί

127 1682 305 1761 ταπεινούς·
329 1687 363 1750 ἰν
385 1679 432 1761 οἷς
450 1685 485 1750 δὲ
501 1685 577 1760 θεάς
596 1686 664 1750 ε’στι
683 1682 720 1750 τύ
740 1679 1010 1766 κινδυνευόμενον,
1031 1681 1112 1762 ύξείς
1132 1677 1311 1774 εἰναινᾼσρ

130 1779 188 1845 καί
201 1780 451 1868 ἀπαραιτήτους,
473 1781 530 1848 καί
547 1780 725 1870 μήτεπρὸς
750 1781 807 1870 τήν
839 1779 969 1860 οἷδοξίαν
989 1783 1217 1869 δυσχεραίνειν,

89 1877 209 1964 ιόμήτε
235 1878 315 1967 πρὸς
337 1877 393 1947 τάν
414 1879 500 1969 παρά
527 1883 590 1946 τῶν
618 1881 796 1970 tropeum
828 1879 955 1948 ἔπαινον
973 1883 1218 1965 μαλακίζεσθαι.

115 1978 201 2043 ἐπεὶ
222 1979 257 2043 δὲ
283 1975 374 2063 ὁτῆς
394 1982 517 2066 εἰρήνης
546 1982 601 2045 καί
626 1983 682 2066 τῆς
716 1978 862 2062 ὁμονοίας
882 1979 959 2058 θεὸς
981 1981 1025 2057 εἰς
1043 1983 1078 2048 ἓν
1093 1981 1216 2064 συνῆψε

127 2074 170 2140 τά
192 2077 343 2143 διεστῶτα
350 2129 360 2160 ,
381 2071 479 2145 αύτοί
501 2104 536 2146 τε
551 2081 725 2166 προθύμως
754 2074 983 2166 ὁποστήσονται
1006 2077 1215 2168 φιλονεικίας,

127 2173 184 2238 καί
203 2175 290 2264 αύτῷ
320 2176 436 2264 πολλήν
466 2179 629 2266 εἰδήσουσι
658 2179 717 2265 τήν
740 2177 851 2266 χάριν,
881 2177 1019 2262 μάλιστα
1040 2175 1213 2268 αἰτιωτάτῳ

126 2275 184 2358 τῆς
206 2274 328 2362 εἰρήνης
346 2276 420 2348 νυνί
447 2283 648 2370 γεγενημένην.
686 2279 755 2346 'Esse'
779 2275 903 2356 τούτοις
932 2277 989 2346 καί
1010 2275 1159 2363 βασιλεύς
1178 2299 1215 2341 τε

85 2374 184 2437 nosci
205 2374 404 2463 πατριάρχης
426 2371 486 2444 ica
509 2376 574 2444 ἔδει
606 2381 826 2464 διαλεχθέντες
853 2380 928 2463 περὶ
940 2369 1067 2466 εἰρήνης
1087 2373 1165 2464 πρός
1181 2370 1247 2440 5·ss

128 2475 296 2558 κατέρους,
318 2477 500 2543 διελύσαντο
529 2478 588 2563 τήν
603 2477 742 2544 σύνοδον.
783 2475 945 2562 Βαρλαάμ
969 2479 1004 2540 δὲ
1026 2473 1130 2562 ὀλίγας
1144 2479 1213 2540 Βυ-

128 2570 243 2659 ζαντίῳ
261 2573 468 2660 ἐνδιατριυνας
494 2576 632 2662 ἡμέρας,
666 2579 736 2642 ἐπεί
752 2580 808 2640 καί
828 2575 847 2639 ὁ
866 2574 1017 2657 βασιλεύς
1033 2571 1213 2652 ἐτελεύτησε

126 2666 209 2752 μετά
240 2668 371 2756 μικρὸν,
391 2671 447 2737 καί
464 2670 522 2748 τάς
535 2677 610 2760 περί
630 2673 670 2739 τά
695 2676 837 2758 δόγματα
857 2669 1106 2758 άμφισβητήσεις
1118 2661 1212 2733 ούδὲν

125 2759 219 2856 ἦττον
245 2764 443 2858 ἐχόμενοςή
475 2771 641 2860 πρότερον,
674 2775 728 2858 τῆς
770 2769 858 2857 δύτης
891 2767 934 2847 ὥς
958 2767 1214 2856 ἑτδεδιρτημίνης

126 2952 163 3006 ab
184 2953 224 3006 eis
240 2952 386 3016 dissidere,
417 2959 445 3008 et
468 2954 542 3026 quod
559 2955 588 3008 in
608 2953 720 3009 Thabor
738 2955 831 3008 lumen
848 2951 998 3024 discipulos
1016 2949 1210 3012 circumfulsit,

127 3024 242 3093 gloriam
261 3025 329 3089 Dei,
348 3027 480 3095 principii
499 3035 638 3095 expertem
657 3034 686 3078 ct
703 3027 844 3078 aeternum
863 3041 922 3078 esse
939 3025 1033 3076 lumen
1051 3019 1162 3075 credere
1179 3036 1210 3072 se

125 3103 209 3164 etque
230 3097 363 3148 confiteri.
400 3096 465 3150 Mox
492 3096 639 3166 Gregorius
661 3098 780 3150 Palamas
804 3113 864 3148 cum
895 3102 977 3148 coetu
997 3110 1046 3146 suo
1071 3097 1210 3160 surgentes

125 3165 350 3236 Berisamumquc
376 3167 527 3236 complexi,
556 3169 663 3218 veniam
688 3168 845 3236 praeteritis
870 3163 991 3216 libenter
1021 3161 1156 3216 dederunt
1182 3166 1210 3214 et

124 3235 292 3303 praeclaram
310 3237 390 3288 istam
405 3237 584 3289 mutationem
599 3235 806 3306 praedicarunt,
824 3239 939 3304 Deoque
956 3234 1030 3304 pacis
1048 3241 1076 3286 et
1094 3247 1209 3284 coneor-

126 3303 191 3355 diae
211 3308 309 3373 gratias
329 3315 460 3376 egerunt,
481 3309 658 3376 prolitentes,
681 3325 733 3359 nec
750 3323 779 3360 εε
797 3315 965 3359 terrenarum
984 3319 1015 3355 ac
1033 3303 1208 3374 pereuntium

126 3389 216 3426 rerum
235 3379 320 3445 gratia
338 3386 393 3430 tam
410 3378 508 3430 acriter
526 3393 672 3448 pugnasse:
696 3375 744 3430 sed
762 3393 806 3439 ne,
824 3375 854 3427 in
871 3377 963 3445 plures
982 3375 1053 3428 melo
1072 3388 1208 3444 propagn-

127 3451 174 3508 to,
191 3453 240 3497 eut
257 3463 443 3514 perversorum
461 3447 617 3516 dogmatum
644 3449 758 3500 ecclesia
779 3447 947 3515 repleretur,
973 3453 1021 3498 sut
1042 3441 1207 3497 factionibus

126 3522 157 3566 et
174 3513 293 3568 dissidiis
306 3517 335 3570 in
353 3534 382 3569 se
397 3519 458 3586 ipsa
476 3516 662 3581 divideretur,
681 3517 746 3570 dum
764 3517 812 3569 alii
830 3513 891 3580 his,
909 3516 958 3568 alii
976 3515 1032 3568 illis
1051 3513 1206 3566 adbaerent.

125 3587 166 3638 Δο
187 3595 330 3655 propterea
348 3586 494 3639 immodice
510 3587 644 3656 litigiosos
664 3604 692 3639 se
710 3587 877 3657 apparuisse,
895 3587 990 3658 quiin
1004 3585 1066 3638 aliis
1080 3579 1207 3634 omnibus

128 3653 163 3706 ad
181 3655 417 3708 mansuetudinem
435 3663 465 3709 et
481 3658 565 3711 animi
589 3655 805 3710 submissionem·
817 3655 919 3708 eruditi
944 3657 1016 3709 sint:
1044 3653 1093 3704 ubi
1115 3658 1207 3704 autem

86 3754 90 3765 ι
126 3724 201 3776 Deus
228 3726 257 3776 in
281 3727 433 3795 periculum
450 3734 580 3790 vocatur,
607 3727 648 3778 ibi
667 3719 808 3798 promptoi
826 3743 884 3778 esso
904 3735 933 3780 et
950 3723 1148 3778 inexorabiles:
1177 3728 1207 3773 et

126 3795 270 3864 nequead
289 3796 465 3864 opprobrium
484 3813 654 3866 aegrescere,
674 3813 763 3868 neque
783 3797 819 3848 ad
835 3795 944 3850 laudem
955 3795 1102 3848 humanam
1121 3786 1207 3844 emol-

111 3863 236 3917 lescere.
264 3865 399 3937 Quoniam
416 3883 480 3920 vero
499 3867 573 3936 pacis
594 3875 622 3919 et
640 3867 803 3920 concordiae
821 3867 895 3920 Deus
914 3865 1044 3918 distantia
1061 3861 1212 3932 copularit,v

127 3941 202 3987 etse
241 3945 345 4006 rompto
363 3953 379 3987 a
399 3938 575 3989 contentione
601 3937 732 3990 desistere
759 3946 788 3991 et
811 3936 853 3989 illi
879 3935 977 4007 gratiss
1011 3931 1129 3996 bebere,
1156 3933 1206 4002 qui

125 4005 198 4073 pacis
221 3952 305 4058 liuius
336 4013 428 4058 anctos·
454 4008 586 4076 imprimis
612 4007 704 4060 fucrit.
740 4007 913 4062 Posbncdum
936 4007 1084 4072 imperator
1110 4009 1138 4054 et
1154 4019 1205 4070 pa-

125 4073 243 4127 triarcba
261 4083 391 4146 utrosque
408 4075 442 4129 de
461 4093 542 4145 pace,
560 4073 591 4128 sit
610 4077 771 4146 oportebat,
798 4077 919 4136 allocuti,
940 4073 1073 4141 synodum
1091 4071 1205 4126 dimisc-

126 4151 198 4200 runt.
236 4146 388 4199 Barlaamus
406 4143 480 4199 hand
497 4148 605 4217 longum
623 4158 730 4219 tempus
746 4147 869 4216 Byzantii
886 4151 1023 4206 moratus,
1041 4143 1204 4212 imperatore

110 4211 201 4268 -bresi
219 4213 364 4282 defuneto,
393 4233 480 4292 seque
498 4217 622 4290 ueprius
641 4217 676 4274 de
697 4217 830 4290 dogmatis
849 4217 926 4270 litem
945 4213 1045 4280 movit,
1072 4211 1202 4268 iudicium
