<?xml version="1.0" encoding="UTF-8"?>
<!DOCTYPE html PUBLIC "-//W3C//DTD XHTML 1.0 Transitional//EN"
    "http://www.w3.org/TR/xhtml1/DTD/xhtml1-transitional.dtd">
<html xmlns="http://www.w3.org/1999/xhtml" xml:lang="en" lang="en">
 <head>
  <title>
</title>
<meta http-equiv="Content-Type" content="text/html;charset=utf-8" />
  <meta name='ocr-system' content='tesseract 3.04.00' />
  <meta name='ocr-capabilities' content='ocr_page ocr_carea ocr_par ocr_line ocrx_word'/>
</head>
<body>
  <div class='ocr_page' id='page_1' title='image "./ioanniscantacuz00niebgoog_0075.png"; bbox 0 0 2946 4872; ppageno 0'>
   <div class='ocr_carea' id='block_1_1' title="bbox 136 315 1456 4200">
    <p class='ocr_par' dir='ltr' id='par_1_1' title="bbox 136 315 1456 4200">
     <span class='ocr_line' id='line_1_1' title="bbox 284 315 1010 420; baseline 0.004 -15"><span class='ocrx_word' id='word_1_1' title='bbox 284 315 341 420; x_wconf 74' lang='grc' dir='ltr'><strong>δέ</strong></span> <span class='ocrx_word' id='word_1_2' title='bbox 547 353 553 364; x_wconf 87' lang='grc'><em>·</em></span> <span class='ocrx_word' id='word_1_3' title='bbox 685 321 1010 412; x_wconf 55' lang='lat' dir='ltr'><strong>bubulcorum*</strong></span> 
     </span>
     <span class='ocr_line' id='line_1_2' title="bbox 136 474 1371 591; baseline 0.004 -30"><span class='ocrx_word' id='word_1_4' title='bbox 136 487 517 583; x_wconf 64' lang='grc' dir='ltr'><em>ια..ααοιεανιμεας</em></span> <span class='ocrx_word' id='word_1_5' title='bbox 537 500 581 587; x_wconf 60' lang='grc' dir='ltr'><em>τε</em></span> <span class='ocrx_word' id='word_1_6' title='bbox 600 498 722 590; x_wconf 56' lang='lat' dir='ltr'><strong>epau.</strong></span> <span class='ocrx_word' id='word_1_7' title='bbox 745 498 890 583; x_wconf 64' lang='grc' dir='ltr'><em>ομεαα</em></span> <span class='ocrx_word' id='word_1_8' title='bbox 909 474 1008 585; x_wconf 67' lang='grc' dir='ltr'><em>μίας</em></span> <span class='ocrx_word' id='word_1_9' title='bbox 1027 493 1209 584; x_wconf 52' lang='lat' dir='ltr'><strong>aarum,</strong></span> <span class='ocrx_word' id='word_1_10' title='bbox 1229 501 1269 566; x_wconf 78' lang='grc' dir='ltr'><em>α</em></span> <span class='ocrx_word' id='word_1_11' title='bbox 1281 501 1371 591; x_wconf 65' lang='grc' dir='ltr'><strong>ομ.</strong></span> 
     </span>
     <span class='ocr_line' id='line_1_3' title="bbox 201 593 1371 686; baseline -0.003 -18"><span class='ocrx_word' id='word_1_12' title='bbox 201 609 233 668; x_wconf 77' lang='lat' dir='ltr'><strong>V·</strong></span> <span class='ocrx_word' id='word_1_13' title='bbox 244 626 279 665; x_wconf 82' lang='lat' dir='ltr'><strong>ao</strong></span> <span class='ocrx_word' id='word_1_14' title='bbox 289 623 343 685; x_wconf 88' lang='grc' dir='ltr'><em>κης</em></span> <span class='ocrx_word' id='word_1_15' title='bbox 359 598 462 665; x_wconf 68' lang='lat' dir='ltr'><strong>stads</strong></span> <span class='ocrx_word' id='word_1_16' title='bbox 482 597 552 666; x_wconf 82' lang='grc' dir='ltr'><em>ε’πεέ</em></span> <span class='ocrx_word' id='word_1_17' title='bbox 563 593 697 664; x_wconf 76' lang='grc' dir='ltr'><em>ἓπόθετο</em></span> <span class='ocrx_word' id='word_1_18' title='bbox 712 597 752 666; x_wconf 84' lang='grc' dir='ltr'><strong>τό</strong></span> <span class='ocrx_word' id='word_1_19' title='bbox 768 598 934 682; x_wconf 78' lang='grc' dir='ltr'><em>συμβάντα</em></span> <span class='ocrx_word' id='word_1_20' title='bbox 949 597 1034 686; x_wconf 81' lang='grc' dir='ltr'><em>παρὰ</em></span> <span class='ocrx_word' id='word_1_21' title='bbox 1049 604 1205 684; x_wconf 83' lang='grc' dir='ltr'><em>βασιλέως</em></span> <span class='ocrx_word' id='word_1_22' title='bbox 1218 602 1274 666; x_wconf 79' lang='grc' dir='ltr'><strong>τοῦ</strong></span> <span class='ocrx_word' id='word_1_23' title='bbox 1287 604 1371 684; x_wconf 85' lang='grc' dir='ltr'><em>νέου,</em></span> 
     </span>
     <span class='ocr_line' id='line_1_4' title="bbox 262 691 1372 786; baseline -0.002 -20"><span class='ocrx_word' id='word_1_24' title='bbox 262 696 386 766; x_wconf 72' lang='lat' dir='ltr'><strong>anund</strong></span> <span class='ocrx_word' id='word_1_25' title='bbox 406 697 577 780; x_wconf 80' lang='grc' dir='ltr'><em>θαυμάσας</em></span> <span class='ocrx_word' id='word_1_26' title='bbox 588 700 654 763; x_wconf 73' lang='grc' dir='ltr'><em>τῶν</em></span> <span class='ocrx_word' id='word_1_27' title='bbox 674 699 729 776; x_wconf 71' lang='grc' dir='ltr'><em>τῆς</em></span> <span class='ocrx_word' id='word_1_28' title='bbox 750 691 950 785; x_wconf 70' lang='grc' dir='ltr'><em>ἀνθρωπίνης</em></span> <span class='ocrx_word' id='word_1_29' title='bbox 971 696 1095 784; x_wconf 84' lang='grc' dir='ltr'><em>φόοεως</em></span> <span class='ocrx_word' id='word_1_30' title='bbox 1109 701 1372 786; x_wconf 78' lang='grc' dir='ltr'><em>κατορχουμένων</em></span> 
     </span>
     <span class='ocr_line' id='line_1_5' title="bbox 284 795 1372 883; baseline -0.002 -19"><span class='ocrx_word' id='word_1_31' title='bbox 284 801 415 880; x_wconf 79' lang='grc' dir='ltr'><em>κακῶν,</em></span> <span class='ocrx_word' id='word_1_32' title='bbox 441 795 497 863; x_wconf 86' lang='grc' dir='ltr'><em>καί</em></span> <span class='ocrx_word' id='word_1_33' title='bbox 520 797 576 883; x_wconf 77' lang='grc' dir='ltr'><em>τὴν</em></span> <span class='ocrx_word' id='word_1_34' title='bbox 596 797 723 862; x_wconf 85' lang='grc' dir='ltr'><em>ιίδικίαν</em></span> <span class='ocrx_word' id='word_1_35' title='bbox 745 800 1028 882; x_wconf 81' lang='grc' dir='ltr'><em>καταμεμψάμενος</em></span> <span class='ocrx_word' id='word_1_36' title='bbox 1049 795 1091 877; x_wconf 75' lang='grc' dir='ltr'><em>ὥς</em></span> <span class='ocrx_word' id='word_1_37' title='bbox 1111 798 1166 864; x_wconf 87' lang='grc' dir='ltr'><em>καί</em></span> <span class='ocrx_word' id='word_1_38' title='bbox 1184 804 1250 864; x_wconf 86' lang='grc' dir='ltr'><em>κατ’</em></span> <span class='ocrx_word' id='word_1_39' title='bbox 1272 798 1372 882; x_wconf 72' lang='grc' dir='ltr'><em>αὐτῆς</em></span> 
     </span>
     <span class='ocr_line' id='line_1_6' title="bbox 190 893 1391 985; baseline 0.007 -23"><span class='ocrx_word' id='word_1_40' title='bbox 190 935 197 952; x_wconf 91' lang='lat'><strong>·</strong></span> <span class='ocrx_word' id='word_1_41' title='bbox 281 900 339 982; x_wconf 81' lang='grc' dir='ltr'><em>τῆς</em></span> <span class='ocrx_word' id='word_1_42' title='bbox 351 895 478 985; x_wconf 85' lang='grc' dir='ltr'><em>φόσεως</em></span> <span class='ocrx_word' id='word_1_43' title='bbox 492 893 683 977; x_wconf 79' lang='grc' dir='ltr'><em>όπλίζουσαν</em></span> <span class='ocrx_word' id='word_1_44' title='bbox 697 896 773 973; x_wconf 88' lang='grc' dir='ltr'><em>τοός</em></span> <span class='ocrx_word' id='word_1_45' title='bbox 785 897 920 974; x_wconf 78' lang='grc' dir='ltr'><strong><em>ἁλόντας</em></strong></span> <span class='ocrx_word' id='word_1_46' title='bbox 934 897 1016 985; x_wconf 82' lang='grc' dir='ltr'><em>αότῇ</em></span> <span class='ocrx_word' id='word_1_47' title='bbox 1029 896 1186 978; x_wconf 79' lang='grc' dir='ltr'><em>καθάπαξ·</em></span> <span class='ocrx_word' id='word_1_48' title='bbox 1207 894 1391 984; x_wconf 79' lang='grc' dir='ltr'><em>,,κρότιοτε5</em></span> 
     </span>
     <span class='ocr_line' id='line_1_7' title="bbox 280 991 1372 1084; baseline -0.003 -22"><span class='ocrx_word' id='word_1_49' title='bbox 280 1001 433 1081; x_wconf 59' lang='grc' dir='ltr'><em>βασιλεῖ’</em></span> <span class='ocrx_word' id='word_1_50' title='bbox 453 995 515 1084; x_wconf 78' lang='grc' dir='ltr'><strong>ἔφη</strong></span> <span class='ocrx_word' id='word_1_51' title='bbox 536 995 594 1080; x_wconf 76' lang='lat' dir='ltr'><strong>„sb</strong></span> <span class='ocrx_word' id='word_1_52' title='bbox 614 1000 675 1080; x_wconf 82' lang='grc' dir='ltr'><em>μέν</em></span> <span class='ocrx_word' id='word_1_53' title='bbox 693 994 789 1080; x_wconf 42' lang='grc' dir='ltr'><em>κακόν,</em></span> <span class='ocrx_word' id='word_1_54' title='bbox 806 995 980 1083; x_wconf 78' lang='grc' dir='ltr'><em>κατάδηλον</em></span> <span class='ocrx_word' id='word_1_55' title='bbox 1001 994 1147 1080; x_wconf 74' lang='grc' dir='ltr'><em>αὐτόθεν,</em></span> <span class='ocrx_word' id='word_1_56' title='bbox 1169 991 1212 1072; x_wconf 71' lang='lat' dir='ltr'><strong>nie</strong></span> <span class='ocrx_word' id='word_1_57' title='bbox 1231 997 1372 1062; x_wconf 77' lang='grc' dir='ltr'><em>ἐστιταῖν</em></span> 
     </span>
     <span class='ocr_line' id='line_1_8' title="bbox 282 1089 1374 1182; baseline -0.003 -22"><span class='ocrx_word' id='word_1_58' title='bbox 282 1089 473 1181; x_wconf 79' lang='grc' dir='ltr'><em>οἰνηκέστων·</em></span> <span class='ocrx_word' id='word_1_59' title='bbox 495 1093 552 1180; x_wconf 78' lang='grc' dir='ltr'><em>τήν</em></span> <span class='ocrx_word' id='word_1_60' title='bbox 572 1097 608 1160; x_wconf 76' lang='grc' dir='ltr'><strong>δὲ</strong></span> <span class='ocrx_word' id='word_1_61' title='bbox 618 1093 699 1182; x_wconf 89' lang='grc' dir='ltr'><em>πρός</em></span> <span class='ocrx_word' id='word_1_62' title='bbox 711 1099 748 1164; x_wconf 87' lang='grc' dir='ltr'><strong>σέ</strong></span> <span class='ocrx_word' id='word_1_63' title='bbox 760 1121 824 1179; x_wconf 90' lang='grc' dir='ltr'><em>μου</em></span> <span class='ocrx_word' id='word_1_64' title='bbox 845 1098 948 1162; x_wconf 78' lang='grc' dir='ltr'><em>πίσπν</em></span> <span class='ocrx_word' id='word_1_65' title='bbox 965 1099 1022 1162; x_wconf 85' lang='grc' dir='ltr'><em>καί</em></span> <span class='ocrx_word' id='word_1_66' title='bbox 1035 1099 1129 1162; x_wconf 89' lang='grc' dir='ltr'><em>δόλου</em></span> <span class='ocrx_word' id='word_1_67' title='bbox 1145 1095 1260 1172; x_wconf 89' lang='grc' dir='ltr'><em>παντός</em></span> <span class='ocrx_word' id='word_1_68' title='bbox 1274 1091 1374 1178; x_wconf 68' lang='grc' dir='ltr'><em>όβιγῆ</em></span> 
     </span>
     <span class='ocr_line' id='line_1_9' title="bbox 264 1187 1373 1284; baseline -0.005 -24"><span class='ocrx_word' id='word_1_69' title='bbox 264 1191 267 1200; x_wconf 69' lang='grc'>’</span> <span class='ocrx_word' id='word_1_70' title='bbox 281 1194 402 1284; x_wconf 83' lang='grc' dir='ltr'><em>φιλίαν,</em></span> <span class='ocrx_word' id='word_1_71' title='bbox 423 1191 508 1261; x_wconf 77' lang='grc' dir='ltr'><em>καλό</em></span> <span class='ocrx_word' id='word_1_72' title='bbox 527 1195 697 1282; x_wconf 74' lang='grc' dir='ltr'><em>παρελθών</em></span> <span class='ocrx_word' id='word_1_73' title='bbox 710 1199 770 1280; x_wconf 78' lang='grc' dir='ltr'><em>μὲν</em></span> <span class='ocrx_word' id='word_1_74' title='bbox 781 1194 897 1283; x_wconf 82' lang='grc' dir='ltr'><em>χρόνος</em></span> <span class='ocrx_word' id='word_1_75' title='bbox 916 1193 1155 1281; x_wconf 74' lang='grc' dir='ltr'><em>βεβαιώσασθαι</em></span> <span class='ocrx_word' id='word_1_76' title='bbox 1167 1190 1281 1276; x_wconf 82' lang='grc' dir='ltr'><em>ἱκανός,</em></span> <span class='ocrx_word' id='word_1_77' title='bbox 1302 1187 1373 1278; x_wconf 81' lang='grc' dir='ltr'><em>ἧλι-</em></span> 
     </span>
     <span class='ocr_line' id='line_1_10' title="bbox 280 1287 1372 1381; baseline -0.001 -24"><span class='ocrx_word' id='word_1_78' title='bbox 280 1295 389 1360; x_wconf 69' lang='lat' dir='ltr'><strong>assiste</strong></span> <span class='ocrx_word' id='word_1_79' title='bbox 407 1293 463 1359; x_wconf 85' lang='grc' dir='ltr'><em>καί</em></span> <span class='ocrx_word' id='word_1_80' title='bbox 478 1294 705 1378; x_wconf 79' lang='grc' dir='ltr'><em>τοῖς-σώμασιν</em></span> <span class='ocrx_word' id='word_1_81' title='bbox 729 1292 806 1380; x_wconf 72' lang='grc' dir='ltr'><em>ἡμῖν</em></span> <span class='ocrx_word' id='word_1_82' title='bbox 824 1297 1096 1381; x_wconf 77' lang='grc' dir='ltr'><strong>συναυξανομένην</strong></span> <span class='ocrx_word' id='word_1_83' title='bbox 1113 1290 1281 1373; x_wconf 83' lang='grc' dir='ltr'><em>ἇποδείξας</em></span> <span class='ocrx_word' id='word_1_84' title='bbox 1296 1287 1372 1379; x_wconf 86' lang='grc' dir='ltr'><em>τρό-</em></span> 
     </span>
     <span class='ocr_line' id='line_1_11' title="bbox 279 1389 1413 1488; baseline -0.002 -32"><span class='ocrx_word' id='word_1_85' title='bbox 279 1415 338 1457; x_wconf 93' lang='grc' dir='ltr'><em>πον</em></span> <span class='ocrx_word' id='word_1_86' title='bbox 358 1389 440 1458; x_wconf 87' lang='grc' dir='ltr'><em>τινό·</em></span> <span class='ocrx_word' id='word_1_87' title='bbox 462 1395 576 1488; x_wconf 26' lang='grc' dir='ltr'><em>διόπερ]</em></span> <span class='ocrx_word' id='word_1_88' title='bbox 594 1395 670 1460; x_wconf 73' lang='lat' dir='ltr'><strong>ouidi</strong></span> <span class='ocrx_word' id='word_1_89' title='bbox 688 1391 789 1477; x_wconf 78' lang='grc' dir='ltr'><em>λόγων</em></span> <span class='ocrx_word' id='word_1_90' title='bbox 811 1396 877 1459; x_wconf 93' lang='grc' dir='ltr'><em>δεῖν</em></span> <span class='ocrx_word' id='word_1_91' title='bbox 897 1391 977 1480; x_wconf 89' lang='grc' dir='ltr'><em>πρός</em></span> <span class='ocrx_word' id='word_1_92' title='bbox 997 1390 1152 1479; x_wconf 76' lang='grc' dir='ltr'><em>ἀλλήλους</em></span> <span class='ocrx_word' id='word_1_93' title='bbox 1173 1393 1257 1478; x_wconf 80' lang='grc' dir='ltr'><em>ἡμᾶς</em></span> <span class='ocrx_word' id='word_1_94' title='bbox 1277 1391 1413 1477; x_wconf 74' lang='grc' dir='ltr'><em>ἡγοῦ-,ο</em></span> 
     </span>
     <span class='ocr_line' id='line_1_12' title="bbox 278 1487 1373 1581; baseline -0.002 -25"><span class='ocrx_word' id='word_1_95' title='bbox 278 1515 350 1574; x_wconf 85' lang='grc' dir='ltr'><em>μαι,</em></span> <span class='ocrx_word' id='word_1_96' title='bbox 370 1487 473 1581; x_wconf 74' lang='grc' dir='ltr'><em>ἑαυτῷ</em></span> <span class='ocrx_word' id='word_1_97' title='bbox 493 1489 549 1558; x_wconf 87' lang='grc' dir='ltr'><em>τόν</em></span> <span class='ocrx_word' id='word_1_98' title='bbox 567 1495 674 1577; x_wconf 74' lang='grc' dir='ltr'><em>ἕτερον</em></span> <span class='ocrx_word' id='word_1_99' title='bbox 694 1487 862 1578; x_wconf 75' lang='grc' dir='ltr'><em>ἑκατέρους</em></span> <span class='ocrx_word' id='word_1_100' title='bbox 876 1495 1121 1575; x_wconf 87' lang='grc' dir='ltr'><em>οἰκειουμένους·</em></span> <span class='ocrx_word' id='word_1_101' title='bbox 1141 1489 1226 1558; x_wconf 87' lang='grc' dir='ltr'><em>καίό</em></span> <span class='ocrx_word' id='word_1_102' title='bbox 1246 1496 1373 1573; x_wconf 84' lang='grc' dir='ltr'><em>μέλλων</em></span> 
     </span>
     <span class='ocr_line' id='line_1_13' title="bbox 279 1585 1375 1679; baseline -0.001 -25"><span class='ocrx_word' id='word_1_103' title='bbox 279 1591 316 1654; x_wconf 83' lang='grc' dir='ltr'><strong>δέ</strong></span> <span class='ocrx_word' id='word_1_104' title='bbox 336 1590 394 1655; x_wconf 77' lang='lat' dir='ltr'><strong>osias</strong></span> <span class='ocrx_word' id='word_1_105' title='bbox 411 1588 535 1658; x_wconf 76' lang='grc' dir='ltr'><em>ἔλαττον</em></span> <span class='ocrx_word' id='word_1_106' title='bbox 556 1593 669 1676; x_wconf 85' lang='grc' dir='ltr'><em>δείξει,</em></span> <span class='ocrx_word' id='word_1_107' title='bbox 692 1591 794 1679; x_wconf 85' lang='grc' dir='ltr'><em>φίλων</em></span> <span class='ocrx_word' id='word_1_108' title='bbox 807 1591 1001 1658; x_wconf 72' lang='grc' dir='ltr'><em>πιστοτάτων</em></span> <span class='ocrx_word' id='word_1_109' title='bbox 1021 1591 1210 1678; x_wconf 78' lang='grc' dir='ltr'><em>δεησόμενος</em></span> <span class='ocrx_word' id='word_1_110' title='bbox 1230 1585 1375 1676; x_wconf 74' lang='grc' dir='ltr'><em>σόςόροῖ.</em></span> 
     </span>
     <span class='ocr_line' id='line_1_14' title="bbox 248 1683 1374 1781; baseline -0.002 -29"><span class='ocrx_word' id='word_1_111' title='bbox 248 1691 308 1756; x_wconf 82' lang='grc' dir='ltr'><strong>(Ῑεί</strong></span> <span class='ocrx_word' id='word_1_112' title='bbox 325 1693 386 1772; x_wconf 81' lang='grc' dir='ltr'><em>μέν</em></span> <span class='ocrx_word' id='word_1_113' title='bbox 406 1683 463 1756; x_wconf 71' lang='lat' dir='ltr'><strong>orie</strong></span> <span class='ocrx_word' id='word_1_114' title='bbox 475 1684 638 1778; x_wconf 61' lang='lat' dir='ltr'><strong>{alpes-os</strong></span> <span class='ocrx_word' id='word_1_115' title='bbox 659 1694 826 1781; x_wconf 73' lang='grc' dir='ltr'><strong>κακοηθείᾳ</strong></span> <span class='ocrx_word' id='word_1_116' title='bbox 852 1695 1020 1780; x_wconf 80' lang='grc' dir='ltr'><em>χρώμενον</em></span> <span class='ocrx_word' id='word_1_117' title='bbox 1040 1691 1095 1756; x_wconf 91' lang='grc' dir='ltr'><em>καί</em></span> <span class='ocrx_word' id='word_1_118' title='bbox 1115 1685 1271 1778; x_wconf 81' lang='grc' dir='ltr'><em>αόθαδείρι</em></span> <span class='ocrx_word' id='word_1_119' title='bbox 1292 1685 1374 1774; x_wconf 89' lang='grc' dir='ltr'><em>πρός</em></span> 
     </span>
     <span class='ocr_line' id='line_1_15' title="bbox 276 1775 1374 1884; baseline -0.002 -30"><span class='ocrx_word' id='word_1_120' title='bbox 276 1793 410 1874; x_wconf 75' lang='grc' dir='ltr'><em>βασιλέα</em></span> <span class='ocrx_word' id='word_1_121' title='bbox 429 1787 483 1855; x_wconf 84' lang='grc' dir='ltr'><em>τόν</em></span> <span class='ocrx_word' id='word_1_122' title='bbox 503 1790 639 1874; x_wconf 83' lang='grc' dir='ltr'><em>πάππον,</em></span> <span class='ocrx_word' id='word_1_123' title='bbox 661 1794 716 1877; x_wconf 75' lang='grc' dir='ltr'><em>τῆς</em></span> <span class='ocrx_word' id='word_1_124' title='bbox 730 1793 833 1876; x_wconf 75' lang='grc' dir='ltr'><em>ἀρχῆς</em></span> <span class='ocrx_word' id='word_1_125' title='bbox 852 1793 970 1858; x_wconf 76' lang='grc' dir='ltr'><em>ἐκεῖνον</em></span> <span class='ocrx_word' id='word_1_126' title='bbox 982 1775 1042 1874; x_wconf 73' lang='grc' dir='ltr'><em>μέν</em></span> <span class='ocrx_word' id='word_1_127' title='bbox 1055 1785 1249 1884; x_wconf 61' lang='grc' dir='ltr'><em>ἀποστερεῖν,</em></span> <span class='ocrx_word' id='word_1_128' title='bbox 1273 1812 1374 1853; x_wconf 92' lang='grc' dir='ltr'><em>σεαυ-</em></span> 
     </span>
     <span class='ocr_line' id='line_1_16' title="bbox 278 1879 1413 1980; baseline -0.004 -25"><span class='ocrx_word' id='word_1_129' title='bbox 278 1893 323 1980; x_wconf 78' lang='grc' dir='ltr'><strong>τῷ</strong></span> <span class='ocrx_word' id='word_1_130' title='bbox 353 1893 391 1955; x_wconf 78' lang='grc' dir='ltr'><strong>δὲ</strong></span> <span class='ocrx_word' id='word_1_131' title='bbox 417 1887 504 1979; x_wconf 81' lang='grc' dir='ltr'><em>μόνην</em></span> <span class='ocrx_word' id='word_1_132' title='bbox 525 1896 768 1974; x_wconf 71' lang='grc' dir='ltr'><em>περιποιεῖσθαι</em></span> <span class='ocrx_word' id='word_1_133' title='bbox 794 1893 986 1974; x_wconf 80' lang='grc' dir='ltr'><em>βούλεσθαι,</em></span> <span class='ocrx_word' id='word_1_134' title='bbox 1016 1883 1055 1956; x_wconf 76' lang='grc' dir='ltr'><em>εἰ</em></span> <span class='ocrx_word' id='word_1_135' title='bbox 1075 1886 1154 1970; x_wconf 79' lang='grc' dir='ltr'><em>ἴσθι,</em></span> <span class='ocrx_word' id='word_1_136' title='bbox 1176 1889 1279 1953; x_wconf 87' lang='grc' dir='ltr'><em>καίτοι</em></span> <span class='ocrx_word' id='word_1_137' title='bbox 1299 1879 1413 1966; x_wconf 67' lang='grc' dir='ltr'><em>λίανί5</em></span> 
     </span>
     <span class='ocr_line' id='line_1_17' title="bbox 278 1983 1374 2076; baseline -0.002 -24"><span class='ocrx_word' id='word_1_138' title='bbox 278 1991 396 2076; x_wconf 70' lang='grc' dir='ltr'><em>φιλῶν,</em></span> <span class='ocrx_word' id='word_1_139' title='bbox 419 1989 477 2053; x_wconf 76' lang='lat' dir='ltr'><strong>sain</strong></span> <span class='ocrx_word' id='word_1_140' title='bbox 498 1983 538 2054; x_wconf 80' lang='grc' dir='ltr'><em>όν</em></span> <span class='ocrx_word' id='word_1_141' title='bbox 559 1986 659 2066; x_wconf 85' lang='grc' dir='ltr'><em>οότως</em></span> <span class='ocrx_word' id='word_1_142' title='bbox 679 1989 799 2054; x_wconf 85' lang='grc' dir='ltr'><em>εἰτόπου</em></span> <span class='ocrx_word' id='word_1_143' title='bbox 820 1988 961 2074; x_wconf 83' lang='grc' dir='ltr'><em>πράξεως</em></span> <span class='ocrx_word' id='word_1_144' title='bbox 982 1987 1111 2072; x_wconf 78' lang='grc' dir='ltr'><em>εἱλόμην</em></span> <span class='ocrx_word' id='word_1_145' title='bbox 1131 2009 1182 2052; x_wconf 90' lang='grc' dir='ltr'><strong>σοι</strong></span> <span class='ocrx_word' id='word_1_146' title='bbox 1203 1995 1374 2052; x_wconf 81' lang='grc' dir='ltr'><em>κοινωνεῖν.</em></span> 
     </span>
     <span class='ocr_line' id='line_1_18' title="bbox 276 2082 1373 2176; baseline -0.002 -24"><span class='ocrx_word' id='word_1_147' title='bbox 276 2085 348 2152; x_wconf 75' lang='lat' dir='ltr'><strong>isset</strong></span> <span class='ocrx_word' id='word_1_148' title='bbox 366 2089 398 2151; x_wconf 85' lang='grc' dir='ltr'><strong>δ’</strong></span> <span class='ocrx_word' id='word_1_149' title='bbox 419 2089 453 2165; x_wconf 76' lang='grc' dir='ltr'><strong>ἐξ</strong></span> <span class='ocrx_word' id='word_1_150' title='bbox 473 2088 622 2170; x_wconf 73' lang='grc' dir='ltr'><em>οὐδεμιᾶς</em></span> <span class='ocrx_word' id='word_1_151' title='bbox 643 2089 748 2164; x_wconf 79' lang='grc' dir='ltr'><em>αἰτίας</em></span> <span class='ocrx_word' id='word_1_152' title='bbox 768 2093 893 2156; x_wconf 77' lang='grc' dir='ltr'><em>τοιαῦθ’</em></span> <span class='ocrx_word' id='word_1_153' title='bbox 924 2088 993 2176; x_wconf 82' lang='grc' dir='ltr'><strong>όραῖ</strong></span> <span class='ocrx_word' id='word_1_154' title='bbox 1017 2083 1267 2176; x_wconf 82' lang='grc' dir='ltr'><strong>Ιφυόμενα-κακοὶ</strong></span> <span class='ocrx_word' id='word_1_155' title='bbox 1289 2082 1373 2150; x_wconf 81' lang='grc' dir='ltr'><em>κατὰ</em></span> 
     </span>
     <span class='ocr_line' id='line_1_19' title="bbox 275 2179 1375 2272; baseline -0.005 -20"><span class='ocrx_word' id='word_1_156' title='bbox 275 2185 343 2268; x_wconf 79' lang='lat' dir='ltr'><strong>ossi,</strong></span> <span class='ocrx_word' id='word_1_157' title='bbox 364 2181 436 2256; x_wconf 67' lang='grc' dir='ltr'><em>όνότ)</em></span> <span class='ocrx_word' id='word_1_158' title='bbox 458 2188 489 2252; x_wconf 87' lang='grc' dir='ltr'><em>εἰ</em></span> <span class='ocrx_word' id='word_1_159' title='bbox 505 2184 550 2272; x_wconf 80' lang='grc' dir='ltr'><em>μῆ</em></span> <span class='ocrx_word' id='word_1_160' title='bbox 571 2184 647 2264; x_wconf 88' lang='grc' dir='ltr'><em>θεός</em></span> <span class='ocrx_word' id='word_1_161' title='bbox 667 2179 792 2253; x_wconf 75' lang='grc' dir='ltr'><em>ἄνωθεν</em></span> <span class='ocrx_word' id='word_1_162' title='bbox 810 2185 894 2253; x_wconf 74' lang='lat' dir='ltr'><strong>osiaci</strong></span> <span class='ocrx_word' id='word_1_163' title='bbox 915 2187 1069 2270; x_wconf 82' lang='grc' dir='ltr'><em>διαλόσει,</em></span> <span class='ocrx_word' id='word_1_164' title='bbox 1091 2187 1166 2252; x_wconf 72' lang='lat' dir='ltr'><strong>oaldi</strong></span> <span class='ocrx_word' id='word_1_165' title='bbox 1185 2185 1270 2250; x_wconf 81' lang='grc' dir='ltr'><em>πάνυ</em></span> <span class='ocrx_word' id='word_1_166' title='bbox 1290 2181 1375 2270; x_wconf 80' lang='grc' dir='ltr'><em>πόρ’-</em></span> 
     </span>
     <span class='ocr_line' id='line_1_20' title="bbox 276 2253 1375 2373; baseline -0.002 -24"><span class='ocrx_word' id='word_1_167' title='bbox 276 2284 323 2372; x_wconf 70' lang='lat' dir='ltr'><strong>(iao</strong></span> <span class='ocrx_word' id='word_1_168' title='bbox 350 2277 539 2372; x_wconf 83' lang='grc' dir='ltr'><em>προσδοκίας</em></span> <span class='ocrx_word' id='word_1_169' title='bbox 566 2289 611 2364; x_wconf 91' lang='grc' dir='ltr'><strong>εἰς</strong></span> <span class='ocrx_word' id='word_1_170' title='bbox 637 2283 720 2369; x_wconf 82' lang='grc' dir='ltr'><em>όψος</em></span> <span class='ocrx_word' id='word_1_171' title='bbox 747 2288 886 2373; x_wconf 79' lang='grc' dir='ltr'><em>οἰρθῆναι</em></span> <span class='ocrx_word' id='word_1_172' title='bbox 914 2285 1024 2370; x_wconf 81' lang='grc' dir='ltr'><em>βαθό,</em></span> <span class='ocrx_word' id='word_1_173' title='bbox 1048 2281 1132 2352; x_wconf 79' lang='grc' dir='ltr'><em>’ἑκών</em></span> <span class='ocrx_word' id='word_1_174' title='bbox 1154 2279 1249 2359; x_wconf 77' lang='grc' dir='ltr'><em>αὐτὸς</em></span> <span class='ocrx_word' id='word_1_175' title='bbox 1269 2253 1375 2347; x_wconf 82' lang='grc' dir='ltr'><em>ἐπιδί-</em></span> 
     </span>
     <span class='ocr_line' id='line_1_21' title="bbox 276 2379 1412 2472; baseline 0 -24"><span class='ocrx_word' id='word_1_176' title='bbox 276 2385 360 2466; x_wconf 90' lang='grc' dir='ltr'><em>δωμι</em></span> <span class='ocrx_word' id='word_1_177' title='bbox 387 2395 454 2461; x_wconf 89' lang='grc' dir='ltr'><em>τοῖς</em></span> <span class='ocrx_word' id='word_1_178' title='bbox 483 2387 638 2461; x_wconf 88' lang='grc' dir='ltr'><em>κινδόνοις</em></span> <span class='ocrx_word' id='word_1_179' title='bbox 667 2396 733 2462; x_wconf 84' lang='grc' dir='ltr'><em>τοῖς</em></span> <span class='ocrx_word' id='word_1_180' title='bbox 762 2387 843 2472; x_wconf 85' lang='grc' dir='ltr'><em>όπέρ</em></span> <span class='ocrx_word' id='word_1_181' title='bbox 874 2391 934 2452; x_wconf 80' lang='grc' dir='ltr'><strong>σοῦ</strong></span> <span class='ocrx_word' id='word_1_182' title='bbox 963 2387 1001 2451; x_wconf 79' lang='lat' dir='ltr'><strong>osi</strong></span> <span class='ocrx_word' id='word_1_183' title='bbox 1020 2387 1171 2472; x_wconf 80' lang='grc' dir='ltr'><em>χρήματα</em></span> <span class='ocrx_word' id='word_1_184' title='bbox 1199 2379 1294 2466; x_wconf 86' lang='grc' dir='ltr'><em>μόνον</em></span> <span class='ocrx_word' id='word_1_185' title='bbox 1316 2381 1412 2450; x_wconf 74' lang='lat' dir='ltr'><strong>aroino</strong></span> 
     </span>
     <span class='ocr_line' id='line_1_22' title="bbox 275 2477 1373 2573; baseline -0.002 -25"><span class='ocrx_word' id='word_1_186' title='bbox 275 2485 381 2567; x_wconf 78' lang='grc' dir='ltr'><em>κτῆσιν</em></span> <span class='ocrx_word' id='word_1_187' title='bbox 395 2483 451 2548; x_wconf 81' lang='grc' dir='ltr'><em>καί</em></span> <span class='ocrx_word' id='word_1_188' title='bbox 472 2487 594 2562; x_wconf 78' lang='grc' dir='ltr'><em>οἰκέτας</em></span> <span class='ocrx_word' id='word_1_189' title='bbox 613 2484 668 2550; x_wconf 89' lang='grc' dir='ltr'><em>καί</em></span> <span class='ocrx_word' id='word_1_190' title='bbox 687 2484 809 2573; x_wconf 85' lang='grc' dir='ltr'><em>φιλους,</em></span> <span class='ocrx_word' id='word_1_191' title='bbox 832 2487 901 2550; x_wconf 79' lang='grc' dir='ltr'><em>ἀλλ’</em></span> <span class='ocrx_word' id='word_1_192' title='bbox 922 2478 985 2570; x_wconf 77' lang='grc' dir='ltr'><strong>ἤδη</strong></span> <span class='ocrx_word' id='word_1_193' title='bbox 1007 2483 1061 2549; x_wconf 86' lang='grc' dir='ltr'><em>καί</em></span> <span class='ocrx_word' id='word_1_194' title='bbox 1075 2479 1171 2548; x_wconf 78' lang='grc' dir='ltr'><em>αὐτόν</em></span> <span class='ocrx_word' id='word_1_195' title='bbox 1192 2477 1373 2565; x_wconf 49' lang='lat' dir='ltr'><strong>{padova</strong></span> 
     </span>
     <span class='ocr_line' id='line_1_23' title="bbox 231 2578 1374 2673; baseline -0.002 -27"><span class='ocrx_word' id='word_1_196' title='bbox 231 2627 236 2638; x_wconf 47' lang='grc' dir='ltr'><em>ι</em></span> <span class='ocrx_word' id='word_1_197' title='bbox 263 2578 360 2664; x_wconf 73' lang='grc' dir='ltr'><em>’ἔχειν</em></span> <span class='ocrx_word' id='word_1_198' title='bbox 381 2578 440 2664; x_wconf 66' lang='lat' dir='ltr'><strong>lin</strong></span> <span class='ocrx_word' id='word_1_199' title='bbox 459 2582 598 2673; x_wconf 75' lang='grc' dir='ltr'><em>βουλήσῃ</em></span> <span class='ocrx_word' id='word_1_200' title='bbox 621 2589 794 2670; x_wconf 80' lang='grc' dir='ltr'><em>χρῆσθαι.”</em></span> <span class='ocrx_word' id='word_1_201' title='bbox 812 2585 882 2650; x_wconf 82' lang='grc' dir='ltr'><strong>Ἐπί</strong></span> <span class='ocrx_word' id='word_1_202' title='bbox 896 2586 1019 2660; x_wconf 73' lang='grc' dir='ltr'><em>τούτοις</em></span> <span class='ocrx_word' id='word_1_203' title='bbox 1034 2585 1091 2648; x_wconf 77' lang='grc' dir='ltr'><strong>τοῦ</strong></span> <span class='ocrx_word' id='word_1_204' title='bbox 1101 2583 1256 2664; x_wconf 87' lang='grc' dir='ltr'><em>βασιλέως</em></span> <span class='ocrx_word' id='word_1_205' title='bbox 1277 2581 1374 2662; x_wconf 90' lang='grc' dir='ltr'><em>δαμε-</em></span> 
     </span>
     <span class='ocr_line' id='line_1_24' title="bbox 263 2679 1456 2773; baseline -0.002 -27"><span class='ocrx_word' id='word_1_206' title='bbox 263 2679 370 2770; x_wconf 78' lang='grc' dir='ltr'><em>“οτίκην</em></span> <span class='ocrx_word' id='word_1_207' title='bbox 390 2685 433 2772; x_wconf 75' lang='grc' dir='ltr'><strong>τῷ</strong></span> <span class='ocrx_word' id='word_1_208' title='bbox 460 2684 585 2773; x_wconf 74' lang='grc' dir='ltr'><em>μεμόλρν</em></span> <span class='ocrx_word' id='word_1_209' title='bbox 607 2685 723 2768; x_wconf 77' lang='grc' dir='ltr'><em>πολλὴν</em></span> <span class='ocrx_word' id='word_1_210' title='bbox 735 2685 832 2770; x_wconf 81' lang='grc' dir='ltr'><em>χόριν</em></span> <span class='ocrx_word' id='word_1_211' title='bbox 855 2681 1124 2768; x_wconf 69' lang='grc' dir='ltr'><em>ὁμολογήσαντος,</em></span> <span class='ocrx_word' id='word_1_212' title='bbox 1146 2679 1202 2746; x_wconf 89' lang='grc' dir='ltr'><em>καί</em></span> <span class='ocrx_word' id='word_1_213' title='bbox 1215 2683 1375 2766; x_wconf 79' lang='grc' dir='ltr'><em>αροσθέν-</em></span> <span class='ocrx_word' id='word_1_214' title='bbox 1455 2761 1456 2765; x_wconf 9' lang='lat'>¹</span> 
     </span>
     <span class='ocr_line' id='line_1_25' title="bbox 240 2777 1374 2872; baseline -0.002 -27"><span class='ocrx_word' id='word_1_215' title='bbox 240 2799 345 2865; x_wconf 75' lang='grc' dir='ltr'><em>υτος,</em></span> <span class='ocrx_word' id='word_1_216' title='bbox 375 2781 420 2861; x_wconf 75' lang='grc' dir='ltr'><em>τός</em></span> <span class='ocrx_word' id='word_1_217' title='bbox 439 2781 480 2866; x_wconf 80' lang='lat' dir='ltr'><strong>„si</strong></span> <span class='ocrx_word' id='word_1_218' title='bbox 502 2781 591 2850; x_wconf 76' lang='grc' dir='ltr'><em>πάντ’</em></span> <span class='ocrx_word' id='word_1_219' title='bbox 617 2779 787 2869; x_wconf 78' lang='grc' dir='ltr'><em>οἰμβλόνων</em></span> <span class='ocrx_word' id='word_1_220' title='bbox 806 2784 923 2872; x_wconf 80' lang='grc' dir='ltr'><em>χρόνος</em></span> <span class='ocrx_word' id='word_1_221' title='bbox 952 2785 1008 2848; x_wconf 86' lang='grc' dir='ltr'><em>καί</em></span> <span class='ocrx_word' id='word_1_222' title='bbox 1034 2779 1248 2866; x_wconf 47' lang='grc' dir='ltr'><em>κατόιμικρόν</em></span> <span class='ocrx_word' id='word_1_223' title='bbox 1263 2777 1374 2865; x_wconf 65' lang='lat' dir='ltr'><strong>dussi-</strong></span> 
     </span>
     <span class='ocr_line' id='line_1_26' title="bbox 263 2919 1371 3061; baseline -0.005 -73"><span class='ocrx_word' id='word_1_224' title='bbox 263 2933 310 2989; x_wconf 86' lang='lat' dir='ltr'><strong>&#39;tis</strong></span> <span class='ocrx_word' id='word_1_225' title='bbox 325 2919 359 2988; x_wconf 80' lang='lat' dir='ltr'><strong>ex</strong></span> <span class='ocrx_word' id='word_1_226' title='bbox 369 2919 477 2993; x_wconf 83' lang='lat' dir='ltr'><strong>iuniore</strong></span> <span class='ocrx_word' id='word_1_227' title='bbox 486 2939 649 3010; x_wconf 79' lang='lat' dir='ltr'><strong>imperatore</strong></span> <span class='ocrx_word' id='word_1_228' title='bbox 666 2956 735 3061; x_wconf 55' lang='lat' dir='ltr'><strong>(puae</strong></span> <span class='ocrx_word' id='word_1_229' title='bbox 746 2941 925 3010; x_wconf 86' lang='lat' dir='ltr'><strong>contigerant,</strong></span> <span class='ocrx_word' id='word_1_230' title='bbox 939 2937 1080 3008; x_wconf 88' lang='lat' dir='ltr'><strong>impendio</strong></span> <span class='ocrx_word' id='word_1_231' title='bbox 1089 2938 1212 2995; x_wconf 87' lang='lat' dir='ltr'><strong>miratus,</strong></span> <span class='ocrx_word' id='word_1_232' title='bbox 1224 2933 1371 2984; x_wconf 85' lang='lat' dir='ltr'><strong>humanam</strong></span> 
     </span>
     <span class='ocr_line' id='line_1_27' title="bbox 235 3005 1455 3113; baseline -0.005 -53"><span class='ocrx_word' id='word_1_233' title='bbox 235 3031 240 3042; x_wconf 82' lang='lat'>=</span> <span class='ocrx_word' id='word_1_234' title='bbox 272 3015 399 3060; x_wconf 87' lang='lat' dir='ltr'><strong>naturam</strong></span> <span class='ocrx_word' id='word_1_235' title='bbox 423 3019 464 3063; x_wconf 89' lang='lat' dir='ltr'><strong>tot</strong></span> <span class='ocrx_word' id='word_1_236' title='bbox 483 3013 621 3081; x_wconf 85' lang='lat' dir='ltr'><strong>tantisque</strong></span> <span class='ocrx_word' id='word_1_237' title='bbox 640 3011 790 3096; x_wconf 55' lang='lat' dir='ltr'><strong>sujectum</strong></span> <span class='ocrx_word' id='word_1_238' title='bbox 814 3011 949 3072; x_wconf 87' lang='lat' dir='ltr'><strong>miseriis,</strong></span> <span class='ocrx_word' id='word_1_239' title='bbox 969 3017 997 3092; x_wconf 71' lang='lat' dir='ltr'><strong>et</strong></span> <span class='ocrx_word' id='word_1_240' title='bbox 1015 3008 1048 3059; x_wconf 90' lang='lat' dir='ltr'><strong>de</strong></span> <span class='ocrx_word' id='word_1_241' title='bbox 1074 3005 1178 3090; x_wconf 79' lang='lat' dir='ltr'><strong>invidis</strong></span> <span class='ocrx_word' id='word_1_242' title='bbox 1195 3013 1374 3086; x_wconf 68' lang='lat' dir='ltr'><strong>conquestus,</strong></span> <span class='ocrx_word' id='word_1_243' title='bbox 1454 3033 1455 3113; x_wconf 69' lang='grc' dir='ltr'><em>η</em></span> 
     </span>
     <span class='ocr_line' id='line_1_28' title="bbox 274 3076 1374 3148; baseline -0.003 -22"><span class='ocrx_word' id='word_1_244' title='bbox 274 3093 345 3148; x_wconf 88' lang='lat' dir='ltr'><strong>quac</strong></span> <span class='ocrx_word' id='word_1_245' title='bbox 360 3081 443 3131; x_wconf 91' lang='lat' dir='ltr'><strong>semel</strong></span> <span class='ocrx_word' id='word_1_246' title='bbox 453 3099 466 3132; x_wconf 95' lang='lat' dir='ltr'><strong>a</strong></span> <span class='ocrx_word' id='word_1_247' title='bbox 478 3097 507 3132; x_wconf 90' lang='lat' dir='ltr'><strong>sc</strong></span> <span class='ocrx_word' id='word_1_248' title='bbox 518 3087 666 3148; x_wconf 86' lang='lat' dir='ltr'><strong>occupatos</strong></span> <span class='ocrx_word' id='word_1_249' title='bbox 681 3097 734 3148; x_wconf 84' lang='lat' dir='ltr'><strong>spsr</strong></span> <span class='ocrx_word' id='word_1_250' title='bbox 745 3087 859 3132; x_wconf 89' lang='lat' dir='ltr'><strong>naturae</strong></span> <span class='ocrx_word' id='word_1_251' title='bbox 870 3079 974 3130; x_wconf 88' lang='lat' dir='ltr'><strong>bellum</strong></span> <span class='ocrx_word' id='word_1_252' title='bbox 985 3077 1087 3130; x_wconf 78' lang='lat' dir='ltr'><strong>anferre</strong></span> <span class='ocrx_word' id='word_1_253' title='bbox 1099 3083 1180 3146; x_wconf 78' lang='lat' dir='ltr'><strong>cogat,</strong></span> <span class='ocrx_word' id='word_1_254' title='bbox 1191 3076 1304 3140; x_wconf 76' lang='lat' dir='ltr'><strong>Optume</strong></span> <span class='ocrx_word' id='word_1_255' title='bbox 1320 3091 1374 3124; x_wconf 88' lang='lat' dir='ltr'><strong>rm-</strong></span> 
     </span>
     <span class='ocr_line' id='line_1_29' title="bbox 271 3143 1374 3220; baseline -0.004 -22"><span class='ocrx_word' id='word_1_256' title='bbox 271 3155 391 3216; x_wconf 85' lang='lat' dir='ltr'><strong>perator,</strong></span> <span class='ocrx_word' id='word_1_257' title='bbox 400 3151 612 3220; x_wconf 69' lang='lat' dir='ltr'><strong>inquitmatum</strong></span> <span class='ocrx_word' id='word_1_258' title='bbox 624 3165 682 3201; x_wconf 88' lang='lat' dir='ltr'><strong>esse</strong></span> <span class='ocrx_word' id='word_1_259' title='bbox 690 3151 886 3201; x_wconf 86' lang='lat' dir='ltr'><strong>atrocissimum</strong></span> <span class='ocrx_word' id='word_1_260' title='bbox 894 3147 959 3200; x_wconf 91' lang='lat' dir='ltr'><strong>binc</strong></span> <span class='ocrx_word' id='word_1_261' title='bbox 975 3149 1040 3200; x_wconf 84' lang='lat' dir='ltr'><strong>satis</strong></span> <span class='ocrx_word' id='word_1_262' title='bbox 1054 3148 1149 3217; x_wconf 82' lang='lat' dir='ltr'><strong>liquet</strong></span> <span class='ocrx_word' id='word_1_263' title='bbox 1171 3143 1265 3198; x_wconf 81' lang='lat' dir='ltr'>Fidem</span> <span class='ocrx_word' id='word_1_264' title='bbox 1280 3151 1374 3196; x_wconf 83' lang='lat' dir='ltr'><strong>autem</strong></span> 
     </span>
     <span class='ocr_line' id='line_1_30' title="bbox 273 3215 1373 3288; baseline -0.002 -22"><span class='ocrx_word' id='word_1_265' title='bbox 273 3231 336 3284; x_wconf 75' lang='lat' dir='ltr'><strong>erga</strong></span> <span class='ocrx_word' id='word_1_266' title='bbox 350 3225 378 3268; x_wconf 92' lang='lat' dir='ltr'><strong>te</strong></span> <span class='ocrx_word' id='word_1_267' title='bbox 391 3235 487 3284; x_wconf 88' lang='lat' dir='ltr'><strong>meam,</strong></span> <span class='ocrx_word' id='word_1_268' title='bbox 507 3227 535 3272; x_wconf 85' lang='lat' dir='ltr'><strong>et</strong></span> <span class='ocrx_word' id='word_1_269' title='bbox 550 3235 668 3271; x_wconf 87' lang='lat' dir='ltr'><strong>amorem</strong></span> <span class='ocrx_word' id='word_1_270' title='bbox 688 3221 900 3271; x_wconf 88' lang='lat' dir='ltr'><strong>sincerissimum</strong></span> <span class='ocrx_word' id='word_1_271' title='bbox 912 3220 992 3270; x_wconf 89' lang='lat' dir='ltr'><strong>etism</strong></span> <span class='ocrx_word' id='word_1_272' title='bbox 1007 3227 1159 3287; x_wconf 74' lang='lat' dir='ltr'><strong>antegressa</strong></span> <span class='ocrx_word' id='word_1_273' title='bbox 1171 3225 1295 3288; x_wconf 85' lang='lat' dir='ltr'><strong>tempora</strong></span> <span class='ocrx_word' id='word_1_274' title='bbox 1306 3215 1373 3266; x_wconf 88' lang='lat' dir='ltr'><strong>satia</strong></span> 
     </span>
     <span class='ocr_line' id='line_1_31' title="bbox 273 3285 1373 3360; baseline -0.001 -24"><span class='ocrx_word' id='word_1_275' title='bbox 273 3287 415 3340; x_wconf 84' lang='lat' dir='ltr'><strong>firmarunt</strong></span> <span class='ocrx_word' id='word_1_276' title='bbox 429 3297 457 3341; x_wconf 91' lang='lat' dir='ltr'><strong>et</strong></span> <span class='ocrx_word' id='word_1_277' title='bbox 473 3289 630 3351; x_wconf 77' lang='lat' dir='ltr'><strong>amicitiam,</strong></span> <span class='ocrx_word' id='word_1_278' title='bbox 648 3303 717 3358; x_wconf 83' lang='lat' dir='ltr'><strong>quae</strong></span> <span class='ocrx_word' id='word_1_279' title='bbox 733 3291 869 3340; x_wconf 90' lang='lat' dir='ltr'><strong>internos</strong></span> <span class='ocrx_word' id='word_1_280' title='bbox 889 3289 1018 3360; x_wconf 77' lang='lat' dir='ltr'><strong>aequales</strong></span> <span class='ocrx_word' id='word_1_281' title='bbox 1038 3297 1104 3349; x_wconf 74' lang='lat' dir='ltr'><strong>erat,</strong></span> <span class='ocrx_word' id='word_1_282' title='bbox 1123 3287 1190 3357; x_wconf 89' lang='lat' dir='ltr'><strong>ipsis</strong></span> <span class='ocrx_word' id='word_1_283' title='bbox 1209 3285 1373 3355; x_wconf 74' lang='lat' dir='ltr'><strong>corporibus</strong></span> 
     </span>
     <span class='ocr_line' id='line_1_32' title="bbox 185 3356 1375 3428; baseline 0 -22"><span class='ocrx_word' id='word_1_284' title='bbox 185 3417 190 3428; x_wconf 37' lang='grc' dir='ltr'>Ι</span> <span class='ocrx_word' id='word_1_285' title='bbox 273 3356 474 3426; x_wconf 86' lang='lat' dir='ltr'><strong>quodammodo</strong></span> <span class='ocrx_word' id='word_1_286' title='bbox 490 3367 594 3410; x_wconf 83' lang='lat' dir='ltr'><strong>auctam</strong></span> <span class='ocrx_word' id='word_1_287' title='bbox 611 3375 671 3410; x_wconf 87' lang='lat' dir='ltr'><strong>ease</strong></span> <span class='ocrx_word' id='word_1_288' title='bbox 687 3358 796 3412; x_wconf 83' lang='lat' dir='ltr'><strong>abunde</strong></span> <span class='ocrx_word' id='word_1_289' title='bbox 814 3360 976 3417; x_wconf 87' lang='lat' dir='ltr'><strong>docuerunt.</strong></span> <span class='ocrx_word' id='word_1_290' title='bbox 1013 3361 1107 3428; x_wconf 87' lang='lat' dir='ltr'><strong>ltaque</strong></span> <span class='ocrx_word' id='word_1_291' title='bbox 1124 3357 1215 3410; x_wconf 85' lang='lat' dir='ltr'><strong>verbis</strong></span> <span class='ocrx_word' id='word_1_292' title='bbox 1232 3359 1307 3408; x_wconf 89' lang='lat' dir='ltr'><strong>inter</strong></span> <span class='ocrx_word' id='word_1_293' title='bbox 1321 3372 1375 3407; x_wconf 88' lang='lat' dir='ltr'><strong>nos</strong></span> 
     </span>
     <span class='ocr_line' id='line_1_33' title="bbox 272 3425 1377 3546; baseline 0.001 -69"><span class='ocrx_word' id='word_1_294' title='bbox 272 3441 342 3546; x_wconf 62' lang='lat' dir='ltr'><strong>ppus</strong></span> <span class='ocrx_word' id='word_1_295' title='bbox 361 3443 420 3480; x_wconf 79' lang='lat' dir='ltr'><strong>esse</strong></span> <span class='ocrx_word' id='word_1_296' title='bbox 435 3447 491 3482; x_wconf 89' lang='lat' dir='ltr'><strong>non</strong></span> <span class='ocrx_word' id='word_1_297' title='bbox 505 3429 639 3494; x_wconf 82' lang='lat' dir='ltr'><strong>arbitror,</strong></span> <span class='ocrx_word' id='word_1_298' title='bbox 658 3429 758 3514; x_wconf 79' lang='lat' dir='ltr'><strong>quibua</strong></span> <span class='ocrx_word' id='word_1_299' title='bbox 774 3437 1024 3514; x_wconf 71' lang='lat' dir='ltr'><strong>nostrum-uterque</strong></span> <span class='ocrx_word' id='word_1_300' title='bbox 1039 3430 1152 3482; x_wconf 82' lang='lat' dir='ltr'><strong>altemsm</strong></span> <span class='ocrx_word' id='word_1_301' title='bbox 1166 3427 1219 3512; x_wconf 75' lang='lat' dir='ltr'><strong>sibi</strong></span> <span class='ocrx_word' id='word_1_302' title='bbox 1231 3425 1377 3478; x_wconf 87' lang='lat' dir='ltr'><strong>conciliet.</strong></span> 
     </span>
     <span class='ocr_line' id='line_1_34' title="bbox 299 3497 1376 3570; baseline -0.001 -24"><span class='ocrx_word' id='word_1_303' title='bbox 299 3505 396 3549; x_wconf 86' lang='lat' dir='ltr'><strong>cutura</strong></span> <span class='ocrx_word' id='word_1_304' title='bbox 415 3509 506 3552; x_wconf 88' lang='lat' dir='ltr'><strong>autem</strong></span> <span class='ocrx_word' id='word_1_305' title='bbox 524 3507 656 3570; x_wconf 86' lang='lat' dir='ltr'><strong>tempora,</strong></span> <span class='ocrx_word' id='word_1_306' title='bbox 675 3499 896 3552; x_wconf 76' lang='lat' dir='ltr'><strong>fidelissimorum</strong></span> <span class='ocrx_word' id='word_1_307' title='bbox 916 3517 1064 3556; x_wconf 75' lang='lat' dir='ltr'><strong>amicorum</strong></span> <span class='ocrx_word' id='word_1_308' title='bbox 1085 3516 1166 3570; x_wconf 89' lang='lat' dir='ltr'><strong>opem</strong></span> <span class='ocrx_word' id='word_1_309' title='bbox 1184 3497 1376 3566; x_wconf 74' lang='lat' dir='ltr'><strong>imploratura,</strong></span> 
     </span>
     <span class='ocr_line' id='line_1_35' title="bbox 273 3567 1376 3642; baseline 0.002 -28"><span class='ocrx_word' id='word_1_310' title='bbox 273 3572 305 3616; x_wconf 87' lang='lat' dir='ltr'><strong>ut</strong></span> <span class='ocrx_word' id='word_1_311' title='bbox 323 3581 448 3636; x_wconf 79' lang='lat' dir='ltr'><strong>auguror,</strong></span> <span class='ocrx_word' id='word_1_312' title='bbox 467 3587 522 3628; x_wconf 86' lang='lat' dir='ltr'><strong>non</strong></span> <span class='ocrx_word' id='word_1_313' title='bbox 542 3572 631 3622; x_wconf 88' lang='lat' dir='ltr'><strong>minus</strong></span> <span class='ocrx_word' id='word_1_314' title='bbox 648 3569 695 3642; x_wconf 88' lang='lat' dir='ltr'><strong>qui</strong></span> <span class='ocrx_word' id='word_1_315' title='bbox 713 3570 763 3622; x_wconf 90' lang='lat' dir='ltr'><strong>sim</strong></span> <span class='ocrx_word' id='word_1_316' title='bbox 779 3585 841 3640; x_wconf 84' lang='lat' dir='ltr'><strong>erga</strong></span> <span class='ocrx_word' id='word_1_317' title='bbox 861 3577 888 3622; x_wconf 91' lang='lat' dir='ltr'><strong>te</strong></span> <span class='ocrx_word' id='word_1_318' title='bbox 905 3569 1093 3621; x_wconf 80' lang='lat' dir='ltr'><strong>declarabunt</strong></span> <span class='ocrx_word' id='word_1_319' title='bbox 1119 3567 1273 3638; x_wconf 88' lang='lat' dir='ltr'><strong>Siquidem</strong></span> <span class='ocrx_word' id='word_1_320' title='bbox 1288 3567 1376 3636; x_wconf 84' lang='lat' dir='ltr'><strong>igitur</strong></span> 
     </span>
     <span class='ocr_line' id='line_1_36' title="bbox 272 3634 1453 3710; baseline 0.001 -25"><span class='ocrx_word' id='word_1_321' title='bbox 272 3634 403 3700; x_wconf 83' lang='lat' dir='ltr'><strong>riderem,</strong></span> <span class='ocrx_word' id='word_1_322' title='bbox 423 3649 468 3700; x_wconf 88' lang='lat' dir='ltr'><strong>te,</strong></span> <span class='ocrx_word' id='word_1_323' title='bbox 483 3641 653 3710; x_wconf 85' lang='lat' dir='ltr'><strong>malignitate</strong></span> <span class='ocrx_word' id='word_1_324' title='bbox 673 3645 701 3691; x_wconf 92' lang='lat' dir='ltr'><strong>et</strong></span> <span class='ocrx_word' id='word_1_325' title='bbox 720 3641 873 3709; x_wconf 84' lang='lat' dir='ltr'><strong>arrogantia</strong></span> <span class='ocrx_word' id='word_1_326' title='bbox 889 3657 966 3693; x_wconf 90' lang='lat' dir='ltr'><strong>corru</strong></span> <span class='ocrx_word' id='word_1_327' title='bbox 988 3649 1061 3700; x_wconf 88' lang='lat' dir='ltr'><strong>tum,</strong></span> <span class='ocrx_word' id='word_1_328' title='bbox 1077 3655 1131 3690; x_wconf 75' lang='lat' dir='ltr'><strong>avo</strong></span> <span class='ocrx_word' id='word_1_329' title='bbox 1152 3637 1295 3708; x_wconf 88' lang='lat' dir='ltr'><strong>imperium</strong></span> <span class='ocrx_word' id='word_1_330' title='bbox 1314 3636 1375 3686; x_wconf 81' lang='lat' dir='ltr'><strong>eri·</strong></span> <span class='ocrx_word' id='word_1_331' title='bbox 1452 3659 1453 3662; x_wconf 41' lang='lat'>¹</span> 
     </span>
     <span class='ocr_line' id='line_1_37' title="bbox 274 3708 1375 3780; baseline -0.001 -24"><span class='ocrx_word' id='word_1_332' title='bbox 274 3721 340 3774; x_wconf 89' lang='lat' dir='ltr'><strong>pere</strong></span> <span class='ocrx_word' id='word_1_333' title='bbox 358 3711 428 3760; x_wconf 82' lang='lat' dir='ltr'><strong>velle</strong></span> <span class='ocrx_word' id='word_1_334' title='bbox 449 3717 478 3762; x_wconf 88' lang='lat' dir='ltr'><strong>et</strong></span> <span class='ocrx_word' id='word_1_335' title='bbox 494 3709 528 3761; x_wconf 85' lang='lat' dir='ltr'><strong>ad</strong></span> <span class='ocrx_word' id='word_1_336' title='bbox 546 3719 573 3762; x_wconf 87' lang='lat' dir='ltr'><strong>te</strong></span> <span class='ocrx_word' id='word_1_337' title='bbox 584 3711 671 3762; x_wconf 88' lang='lat' dir='ltr'><strong>solum</strong></span> <span class='ocrx_word' id='word_1_338' title='bbox 682 3711 838 3772; x_wconf 82' lang='lat' dir='ltr'><strong>transferre,</strong></span> <span class='ocrx_word' id='word_1_339' title='bbox 857 3727 955 3780; x_wconf 88' lang='lat' dir='ltr'><strong>persua</strong></span> <span class='ocrx_word' id='word_1_340' title='bbox 978 3708 1083 3761; x_wconf 83' lang='lat' dir='ltr'><strong>eastibi</strong></span> <span class='ocrx_word' id='word_1_341' title='bbox 1094 3709 1186 3772; x_wconf 84' lang='lat' dir='ltr'><strong>velim,</strong></span> <span class='ocrx_word' id='word_1_342' title='bbox 1207 3723 1375 3777; x_wconf 86' lang='lat' dir='ltr'><strong>quamquam</strong></span> 
     </span>
     <span class='ocr_line' id='line_1_38' title="bbox 275 3775 1375 3849; baseline 0.003 -25"><span class='ocrx_word' id='word_1_343' title='bbox 275 3777 316 3826; x_wconf 90' lang='lat' dir='ltr'><strong>tui</strong></span> <span class='ocrx_word' id='word_1_344' title='bbox 334 3793 392 3829; x_wconf 84' lang='lat' dir='ltr'><strong>ssrm</strong></span> <span class='ocrx_word' id='word_1_345' title='bbox 414 3779 624 3849; x_wconf 87' lang='lat' dir='ltr'><strong>cupidissimus,</strong></span> <span class='ocrx_word' id='word_1_346' title='bbox 642 3781 743 3836; x_wconf 71' lang='lat' dir='ltr'><strong>nollem</strong></span> <span class='ocrx_word' id='word_1_347' title='bbox 761 3789 852 3832; x_wconf 87' lang='lat' dir='ltr'><strong>tamen</strong></span> <span class='ocrx_word' id='word_1_348' title='bbox 870 3781 898 3830; x_wconf 90' lang='lat' dir='ltr'><strong>in</strong></span> <span class='ocrx_word' id='word_1_349' title='bbox 917 3777 1103 3839; x_wconf 76' lang='lat' dir='ltr'><strong>taminlando</strong></span> <span class='ocrx_word' id='word_1_350' title='bbox 1124 3775 1287 3848; x_wconf 79' lang='lat' dir='ltr'><strong>negotiand</strong></span> <span class='ocrx_word' id='word_1_351' title='bbox 1309 3785 1375 3828; x_wconf 88' lang='lat' dir='ltr'><strong>tuas</strong></span> 
     </span>
     <span class='ocr_line' id='line_1_39' title="bbox 276 3845 1452 3921; baseline 0.002 -25"><span class='ocrx_word' id='word_1_352' title='bbox 276 3847 394 3899; x_wconf 89' lang='lat' dir='ltr'><strong>rationes</strong></span> <span class='ocrx_word' id='word_1_353' title='bbox 409 3867 451 3901; x_wconf 90' lang='lat' dir='ltr'><strong>me</strong></span> <span class='ocrx_word' id='word_1_354' title='bbox 462 3849 619 3919; x_wconf 78' lang='lat' dir='ltr'><strong>adiungere.</strong></span> <span class='ocrx_word' id='word_1_355' title='bbox 639 3851 746 3921; x_wconf 75' lang='lat' dir='ltr'><strong>Atquin</strong></span> <span class='ocrx_word' id='word_1_356' title='bbox 765 3857 792 3900; x_wconf 89' lang='lat' dir='ltr'><strong>te</strong></span> <span class='ocrx_word' id='word_1_357' title='bbox 811 3851 971 3902; x_wconf 86' lang='lat' dir='ltr'><strong>immereute</strong></span> <span class='ocrx_word' id='word_1_358' title='bbox 982 3865 1090 3918; x_wconf 87' lang='lat' dir='ltr'><strong>prorsus</strong></span> <span class='ocrx_word' id='word_1_359' title='bbox 1107 3845 1375 3900; x_wconf 78' lang='lat' dir='ltr'><strong>huiusmodiadrer-</strong></span> <span class='ocrx_word' id='word_1_360' title='bbox 1451 3911 1452 3920; x_wconf 20' lang='grc' dir='ltr'><em>η</em></span> 
     </span>
     <span class='ocr_line' id='line_1_40' title="bbox 276 3917 1452 3990; baseline 0.003 -25"><span class='ocrx_word' id='word_1_361' title='bbox 276 3931 334 3966; x_wconf 91' lang='lat' dir='ltr'><strong>sum</strong></span> <span class='ocrx_word' id='word_1_362' title='bbox 352 3927 381 3969; x_wconf 90' lang='lat' dir='ltr'><strong>te</strong></span> <span class='ocrx_word' id='word_1_363' title='bbox 407 3921 477 3972; x_wconf 86' lang='lat' dir='ltr'><strong>mala</strong></span> <span class='ocrx_word' id='word_1_364' title='bbox 502 3937 638 3990; x_wconf 81' lang='lat' dir='ltr'><strong>emergere</strong></span> <span class='ocrx_word' id='word_1_365' title='bbox 655 3937 746 3980; x_wconf 88' lang='lat' dir='ltr'><strong>cerno,</strong></span> <span class='ocrx_word' id='word_1_366' title='bbox 767 3927 806 3982; x_wconf 90' lang='lat' dir='ltr'><strong>ut,</strong></span> <span class='ocrx_word' id='word_1_367' title='bbox 824 3921 878 3971; x_wconf 90' lang='lat' dir='ltr'><strong>nisi</strong></span> <span class='ocrx_word' id='word_1_368' title='bbox 900 3921 974 3971; x_wconf 89' lang='lat' dir='ltr'><strong>Deus</strong></span> <span class='ocrx_word' id='word_1_369' title='bbox 995 3919 1044 3970; x_wconf 91' lang='lat' dir='ltr'><strong>illa</strong></span> <span class='ocrx_word' id='word_1_370' title='bbox 1061 3919 1179 3986; x_wconf 87' lang='lat' dir='ltr'><strong>desuper</strong></span> <span class='ocrx_word' id='word_1_371' title='bbox 1195 3917 1376 3978; x_wconf 86' lang='lat' dir='ltr'><strong>discusserit,</strong></span> <span class='ocrx_word' id='word_1_372' title='bbox 1451 3921 1452 3930; x_wconf 58' lang='lat'>¹</span> 
     </span>
     <span class='ocr_line' id='line_1_41' title="bbox 275 3989 1376 4061; baseline 0.003 -26"><span class='ocrx_word' id='word_1_373' title='bbox 275 3989 451 4041; x_wconf 87' lang='lat' dir='ltr'><strong>metuendum</strong></span> <span class='ocrx_word' id='word_1_374' title='bbox 470 3990 520 4052; x_wconf 90' lang='lat' dir='ltr'><strong>sit,</strong></span> <span class='ocrx_word' id='word_1_375' title='bbox 539 4008 574 4042; x_wconf 93' lang='lat' dir='ltr'><strong>ne</strong></span> <span class='ocrx_word' id='word_1_376' title='bbox 592 3991 621 4040; x_wconf 93' lang='lat' dir='ltr'><strong>iu</strong></span> <span class='ocrx_word' id='word_1_377' title='bbox 639 3990 813 4042; x_wconf 87' lang='lat' dir='ltr'><strong>altitudinem</strong></span> <span class='ocrx_word' id='word_1_378' title='bbox 833 4007 943 4061; x_wconf 88' lang='lat' dir='ltr'><strong>quoque</strong></span> <span class='ocrx_word' id='word_1_379' title='bbox 964 3989 1121 4041; x_wconf 85' lang='lat' dir='ltr'><strong>innuensam</strong></span> <span class='ocrx_word' id='word_1_380' title='bbox 1141 3995 1315 4049; x_wconf 74' lang='lat' dir='ltr'><strong>excrescant,</strong></span> <span class='ocrx_word' id='word_1_381' title='bbox 1335 4003 1376 4038; x_wconf 85' lang='lat' dir='ltr'><strong>en</strong></span> 
     </span>
     <span class='ocr_line' id='line_1_42' title="bbox 276 4057 1377 4130; baseline 0 -24"><span class='ocrx_word' id='word_1_382' title='bbox 276 4069 326 4125; x_wconf 72' lang='lat' dir='ltr'><strong>ego</strong></span> <span class='ocrx_word' id='word_1_383' title='bbox 345 4057 418 4110; x_wconf 88' lang='lat' dir='ltr'><strong>ultro</strong></span> <span class='ocrx_word' id='word_1_384' title='bbox 437 4077 469 4112; x_wconf 89' lang='lat' dir='ltr'><strong>ac</strong></span> <span class='ocrx_word' id='word_1_385' title='bbox 483 4059 572 4112; x_wconf 87' lang='lat' dir='ltr'><strong>libens</strong></span> <span class='ocrx_word' id='word_1_386' title='bbox 587 4077 635 4130; x_wconf 92' lang='lat' dir='ltr'><strong>pro</strong></span> <span class='ocrx_word' id='word_1_387' title='bbox 648 4061 736 4113; x_wconf 85' lang='lat' dir='ltr'><strong>salute</strong></span> <span class='ocrx_word' id='word_1_388' title='bbox 749 4068 795 4112; x_wconf 89' lang='lat' dir='ltr'><strong>tua</strong></span> <span class='ocrx_word' id='word_1_389' title='bbox 811 4077 867 4112; x_wconf 90' lang='lat' dir='ltr'><strong>non</strong></span> <span class='ocrx_word' id='word_1_390' title='bbox 883 4061 1012 4127; x_wconf 80' lang='lat' dir='ltr'><strong>pecunias</strong></span> <span class='ocrx_word' id='word_1_391' title='bbox 1026 4067 1144 4122; x_wconf 89' lang='lat' dir='ltr'><strong>tantum,</strong></span> <span class='ocrx_word' id='word_1_392' title='bbox 1161 4057 1298 4118; x_wconf 78' lang='lat' dir='ltr'><strong>fortunas,</strong></span> <span class='ocrx_word' id='word_1_393' title='bbox 1312 4071 1377 4107; x_wconf 87' lang='lat' dir='ltr'><strong>ser-</strong></span> 
     </span>
     <span class='ocr_line' id='line_1_43' title="bbox 274 4129 1378 4200; baseline 0 -23"><span class='ocrx_word' id='word_1_394' title='bbox 274 4139 331 4188; x_wconf 78' lang='lat' dir='ltr'><strong>vus,</strong></span> <span class='ocrx_word' id='word_1_395' title='bbox 350 4130 468 4192; x_wconf 85' lang='lat' dir='ltr'><strong>amicos,</strong></span> <span class='ocrx_word' id='word_1_396' title='bbox 486 4129 533 4181; x_wconf 88' lang='lat' dir='ltr'><strong>scd</strong></span> <span class='ocrx_word' id='word_1_397' title='bbox 552 4147 595 4182; x_wconf 88' lang='lat' dir='ltr'><strong>me</strong></span> <span class='ocrx_word' id='word_1_398' title='bbox 613 4131 702 4198; x_wconf 90' lang='lat' dir='ltr'><strong>ipsum</strong></span> <span class='ocrx_word' id='word_1_399' title='bbox 720 4139 859 4200; x_wconf 83' lang='lat' dir='ltr'><strong>praeterea</strong></span> <span class='ocrx_word' id='word_1_400' title='bbox 878 4134 980 4194; x_wconf 81' lang='lat' dir='ltr'><strong>offero,</strong></span> <span class='ocrx_word' id='word_1_401' title='bbox 998 4137 1028 4180; x_wconf 89' lang='lat' dir='ltr'><strong>ut</strong></span> <span class='ocrx_word' id='word_1_402' title='bbox 1054 4145 1228 4200; x_wconf 86' lang='lat' dir='ltr'><strong>quacumque</strong></span> <span class='ocrx_word' id='word_1_403' title='bbox 1246 4131 1275 4178; x_wconf 90' lang='lat' dir='ltr'><strong>in</strong></span> <span class='ocrx_word' id='word_1_404' title='bbox 1294 4143 1322 4178; x_wconf 87' lang='lat' dir='ltr'><strong>re</strong></span> <span class='ocrx_word' id='word_1_405' title='bbox 1345 4133 1378 4178; x_wconf 82' lang='lat' dir='ltr'><strong>ct</strong></span> 
     </span>
    </p>
   </div>
   <div class='ocr_carea' id='block_1_2' title="bbox 275 4197 1377 4341">
    <p class='ocr_par' dir='ltr' id='par_1_2' title="bbox 275 4197 1377 4341">
     <span class='ocr_line' id='line_1_44' title="bbox 276 4197 1377 4270; baseline -0.001 -22"><span class='ocrx_word' id='word_1_406' title='bbox 276 4197 522 4270; x_wconf 73' lang='lat' dir='ltr'><strong>quomodocunque</strong></span> <span class='ocrx_word' id='word_1_407' title='bbox 540 4215 584 4254; x_wconf 86' lang='lat' dir='ltr'><strong>me</strong></span> <span class='ocrx_word' id='word_1_408' title='bbox 602 4202 643 4252; x_wconf 81' lang='lat' dir='ltr'><strong>uti</strong></span> <span class='ocrx_word' id='word_1_409' title='bbox 661 4203 758 4270; x_wconf 88' lang='lat' dir='ltr'><strong>possis.</strong></span> <span class='ocrx_word' id='word_1_410' title='bbox 795 4199 847 4254; x_wconf 89' lang='lat' dir='ltr'><strong>Cui</strong></span> <span class='ocrx_word' id='word_1_411' title='bbox 861 4201 959 4270; x_wconf 77' lang='lat' dir='ltr'><strong>gratias</strong></span> <span class='ocrx_word' id='word_1_412' title='bbox 980 4198 1082 4250; x_wconf 86' lang='lat' dir='ltr'><strong>diserte</strong></span> <span class='ocrx_word' id='word_1_413' title='bbox 1099 4215 1159 4254; x_wconf 86' lang='lat' dir='ltr'><strong>cum</strong></span> <span class='ocrx_word' id='word_1_414' title='bbox 1170 4199 1269 4267; x_wconf 77' lang='lat' dir='ltr'><strong>egisset</strong></span> <span class='ocrx_word' id='word_1_415' title='bbox 1281 4197 1377 4264; x_wconf 89' lang='lat' dir='ltr'><strong>impe-</strong></span> 
     </span>
     <span class='ocr_line' id='line_1_45' title="bbox 275 4267 1376 4341; baseline -0.002 -23"><span class='ocrx_word' id='word_1_416' title='bbox 275 4271 450 4341; x_wconf 56' lang='lat' dir='ltr'><strong>ratorfatqne</strong></span> <span class='ocrx_word' id='word_1_417' title='bbox 460 4267 513 4325; x_wconf 85' lang='lat' dir='ltr'><strong>boc</strong></span> <span class='ocrx_word' id='word_1_418' title='bbox 529 4269 640 4341; x_wconf 83' lang='lat' dir='ltr'><strong>insuper</strong></span> <span class='ocrx_word' id='word_1_419' title='bbox 655 4269 816 4325; x_wconf 68' lang='lat' dir='ltr'><strong>addidisset:</strong></span> <span class='ocrx_word' id='word_1_420' title='bbox 836 4269 902 4324; x_wconf 90' lang='lat' dir='ltr'><strong>Cum</strong></span> <span class='ocrx_word' id='word_1_421' title='bbox 913 4270 970 4340; x_wconf 64' lang='lat' dir='ltr'><strong>ipsa*</strong></span> <span class='ocrx_word' id='word_1_422' title='bbox 982 4267 1028 4320; x_wconf 90' lang='lat' dir='ltr'><strong>die</strong></span> <span class='ocrx_word' id='word_1_423' title='bbox 1039 4275 1208 4326; x_wconf 82' lang='lat' dir='ltr'><strong>veterascant</strong></span> <span class='ocrx_word' id='word_1_424' title='bbox 1221 4267 1376 4340; x_wconf 83' lang='lat' dir='ltr'><strong>paulatim·</strong></span> 
     </span>
    </p>
   </div>
   <div class='ocr_carea' id='block_1_3' title="bbox 0 0 1485 4872">
    <p class='ocr_par' dir='ltr' id='par_1_3' title="bbox 0 0 1485 4872">
     <span class='ocr_line' id='line_1_46' title="bbox 0 0 1485 4872; baseline 0 0"><span class='ocrx_word' id='word_1_425' title='bbox 0 0 1485 4872; x_wconf 95' lang='lat' dir='ltr'><strong> </strong></span> 
     </span>
    </p>
   </div>
  </div>
 </body>
</html>
