2946 4872
521 307 757 373 rltarrnrto.
1108 317 1177 382 Xlll

116 483 269 562 planissime
283 483 454 564 pertinent:
490 484 541 562 qui
560 498 620 562 quo
640 491 727 563 pacto
749 478 887 564 σωτηρία
904 483 965 544 τῶν
989 484 1177 566 πραγμάτιον

118 583 210 660 luerit,
230 581 356 665 legendo
375 581 489 642 disces:
521 591 551 642 et
563 581 638 640 nihil
659 583 760 642 verius
781 581 839 642 diei
853 588 985 664 potuisse
1007 589 1178 652 constitues.

120 680 166 741 llla
181 679 312 742 similiter
336 683 368 741 in
393 701 482 764 quem
506 678 619 759 alium,
655 701 788 763 quaeso,
818 683 876 742 nisi
895 685 926 743 in
945 685 1084 746 cumdem
1103 707 1178 768 quo-

118 779 211 859 drant,
235 781 345 863 quim
364 801 435 841 eum
454 779 542 840 Nilus
558 780 597 840 ab
611 779 753 862 exemplis
768 784 966 860 nostratium,
994 797 1177 846 exterorum-

119 901 169 959 que
185 881 360 962 scriptorum
378 881 503 956 incitat,
535 879 580 940 uti
604 890 670 940 acta
696 900 751 940 sua
770 883 933 941 memoriae
960 885 1084 964 ipsemet
1108 907 1178 967 pro·

120 977 184 1037 dat?
209 971 273 1042 iore
297 977 334 1040 et
349 978 404 1039 stoi
421 977 466 1050 εἰς
481 975 682 1061 παράδειγμα
697 973 753 1059 τὴν
773 977 930 1060 ἡμετέραν
953 975 1085 1044 ἱκετείαν
1109 976 1181 1046 οἷνεκ

121 1080 228 1154 amun.
267 1064 308 1138 iia
321 1097 357 1140 aa
373 1071 434 1161 γὰρ
457 1073 531 1149 τούς
548 1072 684 1156 ἔξωθεν,
706 1066 746 1140 ἄν
765 1097 801 1138 τε
825 1074 901 1150 τούς
920 1074 1088 1164 ἡμετέρους
1110 1080 1182 1163 ἦγε-

120 1167 207 1250 μόνος
224 1175 425 1262 ἐνθνμηθξῆς,
455 1167 601 1255 οὐδαμῶς
621 1173 776 1262 ἀτιμάσῃς
794 1174 852 1260 τὴν
873 1173 1025 1262 ἱστορίαν.
1053 1181 1109 1244 nui
1127 1169 1182 1241 oii-

120 1293 162 1334 τοι
179 1269 254 1358 γὰρ,
279 1267 414 1338 κάκεῖνοι
441 1273 497 1337 ἐπὶ
516 1270 553 1337 τὸ
579 1271 774 1360 συγγράφειν
798 1275 942 1360 καθῆκον
962 1271 1112 1358 inercie,
1142 1278 1181 1340 oti

122 1368 209 1454 μικρὰ
225 1370 274 1436 τόν
288 1367 487 1457 ἀνθρώπινον
500 1375 568 1455 βίον
585 1375 620 1438 ἐκ
639 1371 791 1438 τοιούτων
809 1371 931 1459 ὄνὴσειν
951 1371 1094 1456 οἰόμενοι,
1116 1379 1182 1440 Nec

122 1491 189 1534 nero
208 1487 286 1538 earet
303 1476 470 1558 exemplo,
498 1475 587 1560 quod
609 1475 664 1540 obs
687 1487 716 1538 te
729 1476 877 1562 petimus.
917 1476 1043 1538 Etenim
1057 1479 1121 1538 sire
1140 1477 1187 1538 ad

121 1583 276 1647 externos,
305 1577 370 1637 sive
389 1576 436 1638 ad
456 1587 612 1638 nostrates
632 1575 707 1638 belli
723 1577 817 1638 duces
836 1579 1010 1653 respicias,
1040 1597 1104 1640 non
1121 1597 1183 1662 po-

121 1673 190 1732 teris
206 1674 259 1736 hoc
270 1695 364 1755 genus
382 1677 563 1761 scriptionis
579 1689 785 1739 contemnere.
830 1677 952 1759 Quippe
973 1689 1036 1736 tum
1052 1677 1096 1754 lsi,
1118 1689 1183 1739 tum

121 1769 163 1830 illi
176 1772 233 1836 ltus
252 1777 375 1856 pariter
397 1797 430 1836 se
451 1776 655 1854 demiserunt,
676 1797 741 1837 non
756 1795 871 1858 parurn
884 1774 959 1836 inde
977 1777 1110 1836 humano
1130 1795 1185 1854 gea

121 1871 178 1930 neri
199 1873 367 1936 consultetur
389 1876 433 1934 iri
449 1877 649 1940 arbitrantes.
698 1874 781 1953 Quid
803 1875 887 1957 quod
905 1875 943 1934 de
962 1893 1017 1935 sua
1032 1895 1101 1938 cum
1121 1875 1185 1934 nn-

124 1966 232 2034 dmnioo
252 1977 513 2055 coniunctissima,
549 1975 780 2058 fidelissimaque
801 1977 931 2036 amicitia
955 1975 1003 2056 (de
1023 1997 1083 2058 (μιν
1101 1979 1186 2058 equi·

123 2065 180 2130 deu
203 2075 350 2155 cogitans,
386 2073 474 2138 simul
507 2075 545 2138 de
565 2075 711 2156 Doridis,
749 2087 778 2134 et
800 2075 944 2136 Ionathac
966 2074 1188 2136 devinctissime

125 2166 306 2235 familiaritate
321 2175 439 2256 cogito:
471 2175 636 2258 dequibus
658 2177 804 2258 scripturn
823 2174 970 2258 legimus,
1001 2174 1115 2234 Anima
1138 2175 1188 2236 Io·

124 2269 220 2332 naun
234 2275 449 2355 conglutinata
467 2289 513 2338 est
528 2280 650 2339 animae
667 2275 821 2337 Doridis.-
841 2288 871 2337 ct
886 2273 1003 2335 dilexit
1016 2295 1085 2333 eum
1098 2276 1190 2355 quasi

123 2369 243 2439 tumn
258 2395 366 2460 suum3
383 2459 388 2466 ι
405 2397 542 2439 rursum:
576 2377 676 2440 Doleo
699 2395 794 2462 super
820 2388 867 2448 tc,
893 2373 1004 2456 frater
1029 2375 1074 2433 mi
1095 2375 1190 2435 Iona·

125 2465 187 2540 tha,
217 2471 327 2536 decore
352 2477 468 2550 nimis,
504 2491 533 2539 et
563 2477 707 2540 arnabilis
732 2496 827 2560 super
851 2493 990 2537 amorem
1015 2473 1191 2549 mulierum)

125 2585 177 2628 non
198 2575 249 2634 nisi
270 2577 397 2657 ipsemet
418 2580 461 2638 ita
493 2575 671 2656 σομπαθῶς
699 2589 729 2638 et
753 2573 892 2659 ἐναργοῦς
914 2573 1046 2634 scrihere
1070 2575 1192 2653 potuit?

125 2668 196 2743 quod
215 2675 333 2754 quidam
361 2697 576 2760 saepenumero
605 2677 687 2744 iacit·
736 2677 786 2738 Sic
818 2675 968 2752 solemus,
1006 2673 1189 2754 frequenter,

128 2765 253 2846 ΨΜ,
272 2796 441 2858 magnoque
457 2800 527 2838 cum
545 2799 634 2838 seusu
656 2777 694 2838 do
719 2779 754 2838 iis
771 2776 875 2858 loqui,
897 2797 932 2834 nc
947 2773 1091 2852 scrihere,
1113 2791 1191 2852 quae

130 2875 175 2924 aut
197 2867 320 2934 ahsentia
345 2877 436 2936 valde
461 2881 491 2938 in
517 2879 691 2958 desideriis,
729 2887 782 2938 aut
806 2875 973 2959 praesentia
998 2871 1193 2932 vehementer
1248 2875 1252 2883 ’

126 2963 202 3028 nobis
220 2973 250 3032 in
272 2975 424 3038 amoribus
449 2989 528 3038 sunt.
586 2977 650 3037 Nec
672 2975 749 3037 alius
772 2987 835 3036 tam
862 2974 974 3033 diserte
992 2971 1031 3031 de
1056 2979 1193 3030 recusata

127 3067 203 3128 toties
223 3061 375 3154 imperio,
413 3077 459 3138 de·
480 3077 618 3138 libertate
642 3075 725 3159 apud
751 3073 961 3134 Andronicum
987 3091 1060 3151 sna,
1096 3067 1194 3150 deque

129 3167 308 3248 amplitudine
338 3179 493 3258 potcstatis
519 3199 612 3261 quam
644 3177 842 3251 obtinuisset,
886 3183 1006 3256 praeter
1031 3175 1194 3253 ipsummet

129 3281 236 3330 nutare
256 3273 422 3358 voluisset,
461 3279 577 3338 etiamsi
603 3279 759 3358 potuisset.
815 3273 988 3354 scripturae
1007 3281 1127 3330 sanctae
1146 3277 1194 3327 to-

128 3365 175 3424 lli-²³
193 3371 372 3454 productae,
401 3387 433 3438 et
453 3380 619 3438 monastica
637 3375 794 3458 disciplina
814 3395 877 3434 non
899 3369 991 3432 semel
1009 3381 1070 3430 tam
1089 3369 1197 3429 eximie

131 3468 301 3554 suetan,
332 3487 423 3559 atque
447 3481 537 3538 etiam
562 3497 618 3560 per
640 3487 736 3538 totam
758 3475 915 3535 historiam
935 3491 1056 3553 sparsae
1072 3479 1117 3529 tot
1130 3469 1195 3549 pie-

132 3567 310 3654 latitantes,
346 3597 409 3636 non
433 3577 527 3638 alium
557 3597 649 3658 quam
679 3574 862 3636 monachum
886 3571 989 3648 olent,
1024 3567 1122 3650 qualis
1144 3564 1197 3626 ille

128 3669 183 3724 lum
197 3683 279 3754 emt,
307 3695 378 3736 cum
400 3677 474 3738 haec
492 3677 604 3738 chartis
619 3675 786 3740 mandaret.
828 3671 956 3734 Dicendi
974 3691 1083 3752 genus,
1112 3665 1196 3748 quod

127 3759 154 3820 ln
173 3765 251 3832 lihris
267 3785 374 3836 eontra
391 3777 641 3854 mahumetanos,
676 3788 706 3836 et
728 3773 856 3836 ludaeos
877 3775 911 3832 in
927 3769 1100 3831 defensione
1125 3767 1196 3827 fidei

127 3859 301 3933 Christianae
326 3875 482 3954 adhibuit,
520 3877 588 3938 itlco
606 3873 750 3938 dissimile
766 3885 830 3952 est,
858 3873 929 3955 quia
952 3869 1011 3930 illis
1032 3867 1197 3949 disputatio
1290 3929 1295 3948 ,

126 3965 259 4038 quedam
282 3985 430 4056 perpetua
464 3988 495 4037 ct
529 3975 683 4038 dialectica
711 3977 829 4058 potius3
857 3972 908 4032 hic
929 3970 1062 4032 narratio
1087 3963 1197 4026 diffusa

126 4077 153 4126 Εἰ
166 4077 333 4140 matinanta
355 4081 526 4162 suscipitur.
567 4077 701 4138 Proinde
721 4087 756 4136 ut
777 4073 916 4152 nlin'llsi,
945 4070 1003 4132 alia
1020 4068 1070 4130 hic
1091 4069 1130 4126 sit
1150 4065 1196 4124 ia·

126 4169 196 4252 titt,
215 4197 333 4246 noeesse
346 4191 400 4245 est.
452 4177 508 4240 llla
527 4177 649 4240 demum
667 4175 718 4241 lib.
732 4174 761 4255 zi.
780 4195 847 4257 cop.
866 4170 915 4252 ad.
934 4181 963 4234 et
982 4167 1031 4232 25·
1054 4165 1195 4228 adversm
