2946 4872
251 402 261 421 ,
317 335 436 403 xxxvl
511 336 558 406 ,ι
577 329 755 399 rourum
774 327 1029 396 murmano
1047 327 1316 399 oranrraruu.

317 497 381 557 sire
394 493 524 576 legiones
545 489 654 566 dictae,
674 488 867 572 postmodum
889 490 1049 550 imminuta
1067 487 1199 550 Heraclii
1215 490 1401 573 temporibus
1463 475 1464 512 l

316 580 452 640 Romana
476 573 608 659 potentia
629 582 659 632 et
673 581 811 633 auocato
826 573 965 654 imperio,
988 565 1137 650 θεμάτων
1154 587 1266 634 nomen
1287 595 1402 657 accepe-

316 672 401 736 runt,
423 669 555 719 carentes
572 657 634 715 inm
647 657 742 716 veteri
756 655 954 736 amplitudine
972 675 1037 716 sua.
1079 655 1159 716 Vide
1176 655 1312 716 libellum
1327 657 1402 719 Con·

317 745 438 804 stantini
457 740 761 822 Porphyrogennetae
781 739 819 799 de
832 738 1015 799 thematibus
1035 740 1098 800 aive
1112 738 1151 799 de
1165 741 1334 820 agminibus
1350 744 1401 802 mi·

317 825 453 890 litaribus
474 843 529 906 per
547 823 707 904 imperium
719 820 865 882 orientale
878 821 1055 883 distributis.
1099 821 1157 881 Hic
1171 821 1337 903 praefectus
1350 823 1402 886 hu·

315 906 481 969 iusoemodi
500 908 653 990 agminum
673 921 729 989 per
742 903 905 966 occidentis
932 903 1023 967 urbes
1041 903 1271 968 distributomm
1296 905 1402 969 intell

338 991 433 1052 endus
455 999 511 1051 est.
1247 1013 1250 1020 ·

317 1013 337 1075 g
398 1061 697 1150 Mararmanis,
738 1067 876 1151 Magnus
908 1068 1151 1136 administrator
1170 1072 1235 1133 siue
1248 1087 1401 1158 procura·

317 1167 377 1223 tor.
419 1152 504 1215 Nihil
524 1151 562 1212 de
583 1151 640 1212 hoc
661 1152 855 1236 Curopalata.

337 1231 342 1239 ’
397 1229 617 1316 ΜέγαςΔοιὶξ,
640 1233 774 1314 Magnus
792 1237 878 1297 Dux.
895 1237 1400 1322 Quemadmodummagnnsdome

316 1321 408 1381 sticus
422 1321 562 1402 princeps
583 1327 613 1377 et
626 1327 716 1460 caput
727 1327 771 1378 est
781 1317 820 1378 ad
833 1320 1008 1380 uuiversum
1024 1320 1180 1398 fossatum,
1192 1321 1274 1403 (quid
1287 1324 1326 1383 sit
1332 1323 1404 1404 fos-

315 1415 429 1476 satum,
453 1423 507 1463 suo
521 1399 587 1461 loco
602 1419 658 1480 exp
670 1399 821 1480 icabitur,)
836 1391 878 1462 sib
893 1405 984 1463 etiam
998 1402 1049 1463 hic
1066 1402 1104 1464 ad
1119 1406 1294 1466 universum
1308 1425 1402 1465 mare.

315 1485 363 1546 Ac
392 1485 482 1546 ceteri
505 1481 627 1566 quidem
640 1484 788 1566 principes
805 1483 871 1546 aliis
889 1485 979 1547 rebus
994 1487 1123 1548 instituti
1143 1498 1179 1548 ut
1195 1489 1304 1570 capita,
1322 1509 1403 1570 prae·

315 1568 417 1629 serunt
432 1577 609 1630 consuetum
627 1565 816 1649 imperatoris
831 1565 1016 1646 flammeum,
1037 1580 1090 1630 aut
1110 1573 1254 1632 exercitus
1269 1569 1402 1632 llamrne-

313 1669 368 1710 um
382 1668 452 1712 cum
466 1651 566 1735 ignitis
586 1647 665 1710 ielis.
709 1651 838 1734 Magnus
859 1650 919 1712 dux
934 1663 1058 1713 conttrm
1070 1653 1201 1734 praefert
1213 1656 1403 1736 imperatoris

312 1733 469 1796 insidentis
484 1751 574 1817 equo.
618 1730 719 1792 Habet
731 1744 832 1795 autem
846 1735 995 1796 subiectos
1008 1736 1066 1795 sibi
1079 1755 1222 1817 magnum
1238 1738 1402 1819 Drangari·

311 1837 366 1876 um
379 1816 499 1895 classis,
522 1813 710 1886 Ameralium
721 1826 780 1877 etc.
801 1816 881 1877 Vide
896 1817 1110 1902 Curopalatam
1131 1828 1161 1878 et
1173 1817 1365 1882 scholiasten.

395 1892 687 1980 Πρωτοσέβαστος,
708 1899 959 1978 Primaugustus.
1002 1899 1128 1960 Nullum
1141 1903 1343 1964 ministerium
1356 1903 1404 1964 ha·

312 1981 376 2058 bet,
393 1981 465 2065 quia
478 1999 540 2042 non
558 1979 672 2039 firnctio
691 1978 858 2063 estpalatio
883 1981 1035 2059 militans,
1064 1983 1117 2044 scd
1131 1982 1261 2065 dignitas
1277 1985 1403 2047 honora-

312 2061 371 2140 ria,
386 2083 479 2208 Ἧι
493 2083 555 2207 pon
568 2063 728 2124 ministerii
747 2075 800 2125 sut
805 2063 920 2126 ordinis
933 2067 1091 2127 necessitas
1110 2065 1193 2148 iacit,
1213 2067 1265 2129 sed
1278 2069 1403 2154 impera·

314 2149 418 2209 toriae
462 2166 497 2208 οκ
512 2168 546 2207 α.
1463 2185 1464 2188 =

395 2227 511 2310 Μέγας
529 2225 784 2312 Χαρτουλάριις,
806 2227 943 2312 Magnus
962 2231 1183 2296 chartularius.
1211 2233 1337 2317 Equum
1351 2235 1405 2295 irn-¹

310 2313 457 2394 peratoris
476 2331 495 2372 a
514 2323 731 2394 protostratore
757 2325 949 2396 staseeptum,
971 2326 1029 2376 etc.
1071 2317 1151 2378 Vide
1165 2337 1243 2399 quae
1263 2338 1357 2400 supra
1376 2320 1406 2377 in

310 2406 528 2537 protostratore
543 2394 719 2457 dictasunt.
752 2393 964 2458 Stalluroister
973 2399 1133 2460 Germanis
1150 2399 1210 2460 dici
1223 2411 1311 2482 putat
1324 2399 1405 2461 scho-

328 2481 411 2539 ἰείη.
452 2480 585 2539 Zonaras
602 2480 636 2539 in
656 2479 759 2540 Leone
769 2479 895 2558 lsauro,
916 2490 999 2541 torno
1012 2484 1101 2543 tertio
1114 2482 1291 2560 Annalium,
1308 2493 1403 2564 poste·
1463 2503 1464 2516 ¹

310 2561 441 2624 rioribus
458 2561 646 2644 temporibus
667 2556 722 2624 τὸν
741 2559 804 2625 τῶν
822 2561 993 2642 βασιλικῶν
1006 2557 1187 2644 ἱπποκόμων
1204 2561 1403 2628 damasciu-
1463 2559 1464 2628 l

309 2662 352 2704 τα
376 2643 559 2728 appellatum
576 2643 680 2706 tradit.

394 2721 608 2810 Πριμικὴριος
625 2723 741 2808 αὐλῆς,
771 2727 878 2789 Aulon
892 2727 1105 2812 primicerius.
1158 2729 1258 2791 Habet
1278 2727 1402 2812 quidem

308 2811 342 2872 in
358 2813 599 2872 circumstatione
625 2809 935 2888 administrationem,
959 2811 1079 2894 qualem
1099 2821 1169 2872 aute
1194 2813 1337 2893 diximus,
1359 2833 1402 2873 or·
1463 2819 1464 2896 ι

308 2895 381 2956 diue
393 2913 466 2956 vero
480 2893 607 2956 collocat
623 2898 713 2954 etiam
729 2913 846 2972 omues,
866 2895 962 2976 quiin
979 2893 1048 2954 aula
1062 2905 1143 2963 sunt.
1165 2895 1212 2957 Ut
1225 2898 1306 2956 enirn
1323 2897 1403 2978 prin·

308 2999 379 3038 ces
409 2981 538 3061 quisque
568 2997 657 3038 suum
688 2987 718 3038 et
738 2979 934 3039 constitutum
960 2977 1062 3038 locum
1080 2977 1119 3037 ad
1145 2980 1402 3040 circumstantium
1463 3019 1464 3034 1

307 2999 410 3122 habet:
434 3063 579 3122 nicetium
591 3061 723 3140 ordines,
733 3062 787 3142 qui
799 3063 830 3122 in
842 3058 911 3120 aula
924 3070 1006 3141 sunt,
1025 3057 1134 3143 singuli
1146 3064 1305 3147 proprium
1314 3079 1403 3125 suum

308 3144 410 3205 locum
423 3144 572 3203 obtinent.
1094 3169 1097 3182 ·

392 3216 659 3306 Πρωτοκυνηγὸς,
684 3223 878 3286 Venetorum
893 3224 1054 3309 princeps,
1074 3223 1314 3306 Jdgermuister.
1347 3225 1403 3288 Im·
1463 3267 1464 3300 ι

308 3319 447 3392 peratore
463 3306 680 3368 conscendente
700 3328 825 3390 equum,
843 3327 933 3368 nemo
943 3306 1020 3368 alius
1033 3319 1153 3390 praeter
1172 3308 1254 3371 bunc
1273 3312 1404 3394 stapiam

309 3402 403 3468 tenet,
418 3411 488 3451 cum
505 3409 645 3472 praesens
660 3399 716 3450 est.
747 3383 890 3451 'Praeest
903 3408 976 3451 vero
995 3393 1033 3451 iis
1050 3393 1258 3472 venatoribus,
1280 3397 1336 3478 qui
1356 3413 1404 3454 cu·

309 3487 424 3535 ratores
438 3471 764 3554 cauumappellantur.
808 3471 900 3550 Quod
923 3474 949 3534 si
970 3473 1091 3555 quarmo
1105 3475 1307 3557 imperatoris,
1331 3495 1402 3537 cum
1463 3505 1464 3510 1

308 3580 341 3618 ιιι
358 3558 516 3619 venatione
526 3566 582 3632 est,
597 3565 710 3616 vestem
724 3555 764 3616 ali
807 3577 856 3616 am
866 3559 1011 3640 sanguiue
1024 3560 1140 3641 aspergi
1153 3561 1325 3644 contigerit,
1336 3579 1403 3621 eam

308 3640 359 3700 bis
374 3651 502 3702 venator
515 3639 624 3718 accipit
635 3657 670 3699 ex
688 3577 846 3700 benebblo.

393 3718 549 3804 Ilpadrup
566 3716 953 3866 {luov’pmmpossull'
976 3722 1099 3798 Nullam
1109 3725 1404 3788 administrationem

309 3803 401 3866 habet
419 3807 453 3867 in
472 3804 573 3887 aulap
603 3805 697 3886 atina,
720 3804 820 3866 sedin
836 3825 875 3864 ur
897 3825 933 3886 e,
954 3817 985 3868 et
997 3809 1145 3871 urbanam
1165 3807 1274 3871 solum.
