2794 4860
364 373 644 444 ffls‘rolttttwtt
672 385 697 445 t.
726 387 778 452 ut.
1021 381 1098 471 197

54 539 103 608 τοϊς
124 529 270 618 πλήθεσιν
296 529 525 597 ἐπιδεικνύουσι
544 529 599 598 τόν
615 537 748 617 βασιλέα
769 535 923 601 πάντοθεν
938 541 1160 623 περιίστα-λε.
1173 551 1237 610 ι3τ5

52 635 147 705 μένοις.
166 629 452 712 έπευφημησόντων
479 633 515 696 δὲ
546 631 669 715 adroic,
700 635 884 707 καταθέντες
903 627 1031 717 ἄγουσιν
1056 637 1102 712 εἰς

52 719 95 788 τόν
108 723 193 808 ναόν,
214 721 292 790 ἔνθα
308 728 361 789 δεῖ
373 725 432 812 την
451 727 575 813 τελετὴν
589 731 747 813 γενέσθαι.
767 731 902 795 obstruo
920 733 949 794 δ’
962 733 997 796 έν
1016 732 1102 819 adsui

52 823 155 896 ξυλίνου
173 826 229 908 τῆς
247 821 391 908 τοιαότης
408 828 496 890 ἓνεκα
522 829 632 912 χρείας
655 831 1021 913 προκατεσκευασμένσυ,
1044 825 1103 895 τόν

36 923 107 987 trior
125 921 280 1004 εἰσάγουσι
307 921 457 1006 βασιλέά,
485 924 540 988 καί
561 923 617 1010 τὴν
636 923 804 1011 πορφύραν
823 926 876 990 καί
901 925 936 990 τό
962 923 1102 1012 διάδημα

51 1015 266 1102 ένδιδδσκουσι,
305 1018 540 1108 πρότεροντῶν
574 1018 747 1108 ἀρχιερέων
771 1023 981 1108 εόλογοόντων
1010 1019 1101 1090 oiri.

49 1113 94 1178 έπί
110 1119 141 1181 δὲ
158 1119 212 1202 τῆς
234 1122 370 1204 κεφαλῆς
396 1115 433 1183 οὗ
456 1124 676 1202 νενομισμένον
694 1123 893 1207 περιτίθεταί
911 1147 963 1206 τι,
993 1113 1103 1206 ἀλλ’ἢ

48 1215 198 1299 στέφανος,
219 1211 242 1302 ἢ
260 1211 321 1298 in
338 1212 376 1282 ἀν
393 1211 467 1282 ἀλλο
486 1221 570 1307 δοκῇ.
588 1218 705 1286 τσότων
729 1221 763 1284 δὲ
777 1225 962 1306 γινομένων,
981 1219 1002 1305 ἦ
1021 1223 1121 1290 θείαΒ

48 1319 161 1378 τελεῖται
173 1315 385 1400 μνσταγωφία.
407 1317 541 1400 ἐχόμενα
568 1320 603 1384 δέ
627 1321 684 1384 τοῦ
707 1321 871 1405 εἰρημένου
891 1319 1028 1385 εἰκελικου
1048 1316 1105 1384 καί

18 1409 197 1500 ιοάναβόθρα
218 1414 254 1478 έκ
265 1410 367 1491 ξύλων
383 1417 707 1500 προκατασκευάζεται
724 1419 778 1482 καί
800 1411 892 1502 αὕτη,
913 1417 970 1482 καί
983 1439 1102 1502 περιει·
1144 1469 1151 1476 .

47 1513 138 1574 λοῦσιν
154 1509 254 1596 αιίτῆν
275 1509 428 1578 πάντοθεν
443 1516 572 1589 πέπλοις
592 1517 734 1600 Σηρικοΐς
758 1516 924 1600 έρυθροϊς·
951 1513 1100 1600 όπεράνω

45 1607 77 1669 δὲ
96 1607 184 1694 αὐτῆς
204 1607 285 1675 nard
312 1609 366 1676 τόν
394 1609 618 1698 ἀριθμὸντῶν
641 1615 797 1694 βασιλέων
821 1613 961 1676 τίθενται
988 1613 1100 1696 θρόνοι

42 1715 150 1788 χρυσοῖ
171 1707 211 1772 oti
233 1706 312 1772 κατόι
337 1706 409 1785 τεός
428 1709 595 1791 εἰωθότας,
627 1705 695 1773 ἀλλ’
713 1708 881 1794 ἐπηρμένοι
902 1709 1040 1791 μάλιστα
1058 1712 1102 1795 τῷ

41 1796 119 1883 δ’φει,
137 1807 289 1891 τέτταρας
304 1797 324 1891 ἢ
340 1806 395 1871 καί
411 1810 501 1873 πέντε
518 1803 642 1890 ἔχοντες
658 1803 871 1890 ἀναβασμοός,
892 1807 944 1892 ἀφ’
958 1801 1022 1888 οὓς,
1038 1807 1101 1896 έξι-

9 1895 118 1978 minu
132 1907 187 1968 soii
207 1904 355 1986 οἰκίσκον,
384 1905 601 1988 ἀναβαίνοντες
619 1906 802 1985 καθιζοιισιν
826 1904 857 1968 oi
873 1909 1022 1988 βασιλεῖς,
1061 1895 1101 1988 ἦν

37 2021 69 2076 με
86 1998 127 2085 μη
143 1997 203 2084 εἰς,
227 2000 308 2068 ἀλλά
327 2001 452 2080 πλείους
475 1996 543 2069 εἰσι.
565 2009 851 2088 συναναβαίνονσαι
866 2007 900 2071 δὲ
920 2004 1026 2080 αὐτοῖς
1047 2007 1103 2068 καί

38 2093 68 2157 αι’
80 2101 243 2182 βασιλίδος,
265 2103 449 2179 καθίζουσιν
464 2101 516 2166 ἐπί
531 2101 664 2188 θρόνων,
679 2100 713 2166 αἱ
730 2105 790 2184 μὲν
802 2102 1048 2189 προεστεμμέναι
1062 2098 1104 2164 τά

33 2197 191 2276 στέμματα
208 2201 419 2285 περικείμεναι
424 2251 434 2282 ,
455 2199 474 2286 ἡ
492 2203 650 2283 μέλλουσα
667 2203 701 2265 δὲ
719 2201 1011 2288 στεφανηφοροῦσα
1036 2193 1132 2282 πρός

33 2293 66 2356 δὲ
91 2300 145 2380 τῆς
161 2299 219 2361 τοῦ
242 2300 404 2383 τρισαμίου
423 2298 514 2374 θείας
544 2295 729 2383 δμνσλογίας
749 2291 867 2365 ἀνεισιν
890 2297 944 2363 ἐπί
964 2295 1017 2362 τὸν
1036 2288 1098 2377 ἀμ-

5 2397 117 2472 lotura
131 2393 147 2461 δ
160 2392 353 2484 πατριάρχης
369 2399 430 2462 τῶν
444 2393 570 2462 εἰδότων
590 2397 686 2476 ἐξιών.
705 2401 947 2484 συνανέρχονται
963 2398 998 2462 δὲ
1012 2397 1099 2484 adsui

29 2495 82 2554 καί
100 2497 159 2557 τῶν
174 2497 230 2580 τῆς
247 2497 409 2578 ἐκκλησίας
426 2493 587 2581 ἀρχόντων
603 2495 632 2560 οἱ
651 2499 904 2584 ἐπιφανέστερον,
933 2493 989 2572 τὰς
1011 2493 1098 2581 λεράς

26 2595 80 2654 καί
104 2591 197 2657 αότοέ
216 2594 416 2676 ἐνδεδυμένοι
433 2591 554 2670 στολάς·
577 2593 632 2670 οδς
660 2595 855 2660 ἀποστέλλων
878 2597 1099 2680 προσκαλεῖται

26 2687 102 2765 τεός
125 2693 283 2772 βασιλέως.
306 2688 336 2756 οἱ
356 2694 387 2756 δ’
411 2688 511 2768 εδθδς
536 2690 772 2776 ἐξανιστάμενοι
797 2695 859 2758 τῶν
875 2688 1017 2777 θρόνων,
1045 2691 1100 2760 dut*

23 2877 160 2948 dignitate
180 2882 313 2935 antistant
328 2881 457 2951 despotue
475 2888 503 2936 et
520 2881 754 2946 sebastocrntorcs‚
772 2886 795 2936 si
809 2888 881 2944 snut,
899 2878 1002 2948 alioqui
1021 2876 1098 2948 prin-

19 2950 115 3016 cipum
135 2951 316 3016 nobilissimi,
342 2955 486 3022 ipsumque
514 2970 574 3004 cum
593 2961 668 3006 scuto
687 2955 716 3004 in
737 2954 820 3003 ultum
839 2957 967 3020 quantum
985 2951 1099 3016 possunt

18 3021 164 3084 tollcntcs‚
183 3021 305 3092 undique
323 3024 483 3074 circumfuso
501 3022 602 3092 populo
620 3029 764 3074 ostentant.
801 3023 862 3072 Post
879 3021 992 3070 lausum
1009 3016 1097 3068 acclu-

16 3091 175 3142 mntionem
197 3107 259 3142 curn
285 3091 438 3161 deponunt,
464 3101 546 3162 atquo
573 3093 601 3143 in
620 3093 766 3159 templum,
791 3092 821 3142 in
843 3105 897 3160 quo
918 3087 1024 3139 solenni
1043 3085 1096 3136 ritu
1208 3118 1211 3126 »

14 3161 194 3213 coronandus
213 3170 263 3224 est,
280 3163 425 3215 deducunt.
461 3161 513 3213 Ubi
531 3163 642 3232 parvula
659 3163 772 3225 domus,
790 3159 825 3212 ud
843 3159 916 3210 huns
931 3173 1008 3238 usum
1028 3171 1043 3206 e
1061 3153 1099 3204 li·

13 3247 67 3296 gno
91 3239 271 3300 praeparatu,
301 3231 330 3282 in
355 3247 435 3302 quum
459 3231 640 3284 introducitur
670 3247 755 3282 novus
785 3225 943 3299 imperotbr:
971 3223 1011 3300 tbi
1036 3239 1098 3276 cum

11 3315 146 3370 purpura
164 3308 192 3352 et
212 3299 363 3353 diademate
381 3301 455 3370 prius
474 3319 522 3370 per
541 3303 682 3371 episcopos
704 3300 865 3352 consecratis
883 3295 1007 3348 induunt.
1044 3293 1097 3344 Ca·
1183 3347 1200 3374 v

10 3373 63 3435 pili
88 3389 153 3422 non
174 3380 277 3422 certum
295 3373 362 3440 quid
379 3387 410 3422 uc
437 3369 578 3422 delinitum
606 3373 773 3441 imponitur,
799 3368 847 3422 sed
871 3367 915 3419 vel
937 3373 1036 3418 sertum
1053 3363 1098 3416 vel

7 3441 108 3503 aliud,
132 3441 210 3512 qnod
230 3439 344 3492 videtur.
365 3439 435 3491 Dum
453 3441 519 3492 hacc
534 3443 609 3502 fiunt,
622 3449 711 3492 sanctu
726 3442 805 3491 missa
822 3437 946 3489 babetur.
973 3433 1098 3487 Proximo

7 3507 216 3562 domunculam
234 3510 288 3560 iam
306 3509 405 3562 dictum
423 3511 560 3580 pulpitum
578 3527 663 3579 neque
682 3526 697 3561 ο
716 3511 789 3579 ligno
807 3501 927 3577 puratum
948 3513 1004 3568 est,
1023 3503 1098 3572 qnod

7 3583 146 3652 undiquc
168 3580 237 3631 velis
263 3579 355 3632 sericis
377 3581 465 3632 rubris
489 3580 674 3636 circumdatur.
716 3579 803 3648 Super
825 3578 874 3630 illo
901 3575 992 3628 throni
1012 3573 1098 3626 collo-

7 3661 108 3702 :antur
127 3650 210 3700 nurci
229 3665 278 3717 pro
295 3652 484 3718 imperatorum
498 3665 626 3702 numero:
650 3665 704 3702 non
721 3648 813 3719 quoles
827 3649 876 3698 ulli
895 3661 986 3698 eorum
1004 3641 1096 3694 lhroni

7 3732 90 3784 runt,
126 3717 183 3771 sed
216 3719 315 3770 excelsi
346 3719 489 3772 admodum
514 3735 573 3769 cum
598 3725 714 3788 quatuor
735 3727 783 3768 unt
816 3717 937 3787 quinque
961 3711 1097 3784 gradibus,

7 3811 75 3862 luos
98 3789 254 3842 domicilio
275 3792 372 3858 egressi
393 3792 582 3860 imperatores,
606 3787 629 3838 εἰ
654 3788 746 3857 plures
769 3787 886 3848 suerint,
913 3780 1098 3838 conscendunt

7 3871 26 3913 t
47 3863 79 3914 in
105 3862 149 3912 iis
171 3857 324 3910 considunt
359 3859 515 3911 Ascendunt
532 3857 681 3910 tabulatum
698 3857 779 3908 simul
796 3857 978 3925 imperatrices
996 3859 1023 3903 ct
1034 3865 1096 3902 suos

10 3945 69 3984 tom
90 3929 222 3982 thronos
241 3937 385 3996 occupant:
404 3945 473 3999 quac
493 3930 567 3998 prius
583 3935 723 3980 coronatae
749 3926 871 3990 lucrant,
888 3937 1029 3987 coronum3
1048 3935 1095 3971 co·

8 4001 133 4054 uuanda
166 4006 258 4048 nutem
276 4005 376 4049 sertum
396 3999 528 4066 incapite
546 3997 642 4048 serens.
679 3999 733 4048 lum
748 4011 811 4049 vero
828 4004 972 4064 unthusm
987 3991 1096 4044 divinus

8 4072 111 4143 risagli
138 4067 263 4133 hymnus
282 4066 458 4131 decantetur,
488 4083 520 4118 ex
543 4065 631 4133 adytis
650 4067 788 4137 egrediens
807 4061 972 4135 patriarcha,
1000 4058 1097 4142 ambo-

11 4165 57 4196 om
104 4139 179 4192 sive
209 4153 313 4187 sacrum
332 4145 482 4206 suggestum
507 4133 644 4198 accondit,
671 4153 731 4188 cum
749 4132 944 4188 illustrioribus
966 4129 1110 4192 ecclesus,

11 4208 213 4283 sincipibut‚
262 4205 289 4256 ui
309 4215 337 4257 ut
357 4205 408 4274 ipsi
430 4207 510 4257 tueris
526 4203 602 4256 stolis
620 4207 741 4274 cooperti
755 4213 831 4267 sunt,
849 4217 917 4272 quot
931 4199 964 4251 nd
981 4199 1095 4264 impera-

8 4305 69 4342 ·›res
94 4222 293 4336 accersendos
309 4277 402 4328 mittit
440 4275 485 4328 Illi
505 4274 647 4327 confertim
667 4274 772 4330 esuliis
787 4278 935 4342 surgentes,
953 4267 987 4320 sd
1002 4263 1098 4316 mbo·
