2918 4846
255 225 339 335 άηα
670 237 948 306 οΑΝΤΑΟυΖΕΝι

111 415 247 478 teassr
259 403 296 468 σά
318 401 389 468 δέον
407 394 526 488 ἀργούς
541 385 628 458 otro
651 393 706 458 διά
726 392 828 477 πάσης
842 388 969 458 ἑστάναι
985 391 1042 476 τῆς
1058 386 1197 479 ἠμέρας·
1241 395 1314 462 ἀλλ’
1333 389 1358 482 ἢ

259 505 366 588 μάχην
386 500 567 583 συνάπτειν,
585 493 606 586 ἢ
623 493 800 585 ἀναχωρεῖν
819 495 956 573 σπονδάς
973 500 1134 579 θεμένους.
1179 500 1284 584 μηδὲν
1313 503 1354 566 δέ

260 599 518 687 ἀποκριναμένων
549 601 613 665 τῶν
646 597 837 680 Ῥωμαίων,
879 595 909 662 οῖ
934 595 1093 684 βάρβαροι
1113 596 1231 686 μικρὸν
1251 600 1359 663 διαλι-

260 699 389 782 πόντες,
432 697 644 764 ἐπυνθάνοντο
676 698 788 780 πάλιν,
832 692 909 762 ὅθεν
938 690 986 781 εἴη
1012 719 1046 761 τε
1080 695 1102 782 ἦ
1136 695 1272 784 στρατιὰ
1300 697 1360 762 κατ’

257 802 307 874 τίς
328 797 346 864 ὅ
364 796 566 883 ἐξηγούμενος
586 799 704 882 αάτῆς.
744 797 945 872 κελεύσαντος
967 798 1006 860 δὲ
1030 800 1202 880 βασιλέως,
1225 798 1377 884 ἀνιαρά-5

258 921 370 980 νοντα,
404 895 461 983 την
474 898 534 979 μὲν
554 894 704 982 στρατιάν
728 897 763 961 έκ
779 897 841 960 τῶν
861 897 1099 982 παρακειμένων
1116 893 1237 960 πόλεων
1252 897 1357 979 ε’γχω-

260 995 340 1082 ρέων
357 991 438 1062 εἶναι
454 998 709 1080 συνειλεγμένην·
751 1003 940 1080 στρατηγεῖν
966 995 1002 1058 δὲ
1018 987 1119 1080 αύτῆς
1133 991 1188 1058 τάν
1206 997 1242 1058 έκ
1260 999 1358 1077 βασι-

259 1096 341 1170 λέως
365 1095 632 1180 ἐπιτετραμμένον
659 1091 717 1180 την
743 1095 806 1158 τοῖν
834 1091 953 1158 πόλεων
978 1092 1165 1178 ἡγεμονίαν.
1209 1091 1306 1158 ositos*
1319 1095 1359 1158 oa

260 1193 318 1261 τάν
340 1199 400 1278 μὲν
415 1191 591 1281 στρατηγὸν
611 1191 816 1280 ἀπεκρίναντο
836 1193 892 1257 αύιι
909 1193 1048 1276 ἀγνοεῖν,
1082 1185 1163 1257 ἀλλά
1180 1195 1295 1279 σαφῶς
1307 1195 1358 1257 εἶ-

233 1296 353 1359 Βύέναι
380 1287 466 1368 ὅστις
488 1289 555 1378 εἴη·
595 1291 726 1378 μηνύειν
749 1315 783 1356 τε
806 1285 889 1380 αύτῷ
910 1289 964 1356 τὸν
983 1286 1090 1358 αύτῶν
1111 1292 1276 1380 σατράπην
1299 1291 1393 1357 Ἀ-ιο

259 1391 365 1478 μούρ,
398 1391 442 1468 ἀς
461 1389 553 1458 αύτοά
568 1393 627 1474 μὲν
643 1387 747 1477 ἥκοιεν
772 1394 902 1477 κέρδους
922 1393 1012 1456 ἕνεκα
1033 1393 1184 1473 ἐνταῦθα,
1218 1390 1359 1472 οἰόμενοι

262 1491 394 1574 κούλυμα
415 1492 510 1557 oetan
530 1489 662 1558 ἔσεσθαι
682 1491 790 1568 αύτοῖς
810 1487 887 1578 πρὸς
903 1487 960 1576 τήν
982 1487 1095 1579 ὁρμήν.
1136 1490 1230 1574 ὑμῶν
1247 1491 1285 1554 δὲ
1299 1491 1359 1572 ips·

264 1589 371 1657 πούούν
387 1594 615 1676 γεγενημένων,
640 1587 693 1654 διά
711 1589 814 1675 πάσης
834 1595 894 1672 μὲν
911 1591 1032 1677 ἡμέρας
1048 1585 1177 1656 ἑστάναι
1191 1593 1356 1672 mantue

263 1688 345 1778 ἔργῳ
364 1688 559 1772 δεικνύντας,
588 1689 632 1768 ὥς
661 1683 718 1753 ούκ
745 1687 949 1775 ὀρρωδοῦμεν
975 1686 1032 1774 τήν
1062 1688 1169 1773 μάχην
1189 1684 1249 1772 την
1277 1685 1359 1775 πρὸς

262 1789 364 1873 ύμᾶς,
397 1790 467 1854 ἀλλ’
486 1786 570 1854 ούτω
595 1787 897 1875 παρεσκευάσμεθα,
918 1789 963 1866 ούς
987 1787 1245 1874 διαγωνισόμενοι
1270 1789 1394 1872 ύμῖνμὸ

264 1883 306 1954 ἀν
324 1893 441 1973 πρῶτον
457 1880 577 1974 ἀρχητε
590 1889 738 1970 πολέμου·
758 1889 921 1973 κλινούσης
937 1891 973 1954 δὲ
987 1880 1048 1974 ἤδη
1064 1891 1120 1976 τῆς
1137 1889 1271 1976 ἡμέρας,
1288 1913 1360 1954 ται-

263 1985 321 2073 ρύν
338 1981 419 2052 εἶναι
433 1987 512 2073 πρὸς
524 1987 582 2064 τάς
603 1989 681 2064 νούς
696 1991 751 2052 καὶ
771 1986 806 2052 so*
834 1989 1045 2074 στρατόπεδον
1062 1988 1257 2074 ἀναχωρεῖν·
1299 1982 1359 2053 κάν

263 2090 324 2170 μὲν
352 2085 408 2151 καί
427 2086 504 2168 ύμῖν
530 2090 636 2173 δοκοίη
658 2090 780 2171 βέλτιον
806 2080 1005 2171 ἀποσχέσθαι
1032 2087 1152 2173 μάχης,
1183 2084 1359 2174 ἀγαπήσειν

265 2187 322 2250 καί
349 2179 484 2268 αύτούς,
527 2180 567 2252 ἀν
594 2188 625 2251 δ’
650 2188 780 2272 ἐθέλητε
803 2187 1057 2270 συμπλέκεσθαι,
1090 2188 1286 2271 ἀμυνεῖσθαι
1304 2185 1360 2250 κου’

266 2282 383 2360 αύτούς
410 2284 450 2349 τά
481 2284 617 2351 δυνατά.
656 2289 786 2350 τοιαῦτα
806 2283 957 2368 εἰπόντες,
988 2287 1243 2374 ἀναστρέψαντες
1261 2283 1395 2378 ᾔεσανεο

241 2386 454 2467 ῦτεταγμένσι
474 2381 553 2470 πρὸς
569 2381 627 2460 τάς
643 2385 737 2461 ναύς·
780 2389 908 2468 βασιλεῖ
925 2387 960 2452 δέ
977 2386 1032 2452 καὶ
1047 2397 1113 2466 τοῖς
1129 2389 1282 2454 συνοῦσιν
1297 2389 1359 2476 ἀρ-

266 2494 332 2548 κεῖν
352 2480 451 2547 ε’άύκει
472 2482 508 2547 τὸ
527 2487 653 2570 φθοράς
674 2481 829 2570 τοσαύτης
853 2481 909 2569 τὴν
935 2482 1046 2575 χάραν
1070 2487 1281 2554 ἀπαλλάττειν
1303 2491 1359 2554 κατ’

265 2581 310 2666 μὴ
332 2581 384 2646 διά
404 2583 597 2669 φιλονεικίαν
613 2579 748 2659 ἑαυτούς
773 2585 818 2658 εἰς
844 2584 986 2650 κίνδυνον
1010 2585 1198 2672 ἐμβάλλειν,
1230 2587 1357 2672 ἀλάγους

266 2687 540 2765 συμπλεκομένους
564 2680 641 2768 πρὸς
665 2679 818 2761 πολλούς.
868 2676 936 2748 ἀλλ’
961 2684 1031 2751 ἐπεὶ
1057 2695 1161 2764 κεναῖς
1188 2687 1301 2776 χερσὶν
1328 2685 1357 2752 οἱ

266 2783 426 2868 βάρβαροι
448 2777 631 2870 ἀντήλλαξαν
648 2780 703 2848 καί
725 2783 788 2846 τῶν
808 2777 898 2847 tortor
915 2781 1004 2863 τινὰς
1041 2773 1272 2872 ἀποβαλόντες,
1294 2789 1392 2876 (ra-25

269 2961 360 3022 gente,
378 2953 486 3008 barbari
506 2957 640 3011 Romanos
660 2959 762 3014 Graece
783 2961 964 3032 compellant,
983 2979 1040 3015 non
1058 2967 1184 3030 oportere
1200 2959 1239 3012 ita
1257 2961 1358 3012 inertes

268 3030 358 3074 totum
376 3023 450 3077 diem
468 3035 552 3090 stare,
572 3028 620 3081 sed
646 3031 689 3081 vel
714 3027 823 3085 manum
851 3033 980 3096 miscere,
1003 3031 1047 3085 vel
1067 3034 1122 3084 icto
1142 3030 1255 3084 foedere
1274 3029 1357 3082 abire.

269 3092 379 3160 Quibus
405 3097 576 3162 tacentibus,
602 3099 710 3153 barbari
729 3119 811 3171 parvo
837 3103 981 3158 interiecto
1008 3101 1094 3172 spatio
1113 3117 1220 3154 rossum
1239 3117 1359 3170 pereun-

271 3170 393 3216 etsntur:
413 3165 486 3218 unde
512 3170 661 3233 exereitus,
683 3180 710 3224 et
729 3174 789 3243 quis
809 3175 867 3226 εἰσι
886 3173 990 3228 ductor.
1026 3173 1199 3242 Imperatoris
1218 3172 1294 3223 iussa
1314 3187 1358 3222 re-

270 3247 399 3298 sponsum
418 3243 468 3298 est,
485 3237 641 3308 indigenam
661 3259 729 3307 esse,
750 3261 783 3295 ex
801 3245 910 3312 oppidis
930 3246 959 3296 in
980 3244 1094 3297 circuito
1115 3244 1270 3295 collectum.
1289 3241 1360 3292 nuci

274 3309 365 3352 autem
385 3304 419 3355 ab
438 3323 471 3357 eo
495 3323 576 3378 quem
595 3311 739 3381 imperator
757 3313 910 3366 earumdem
928 3314 1037 3366 urbium
1054 3315 1224 3384 praetectum
1243 3313 1360 3364 creavis-

272 3379 321 3456 set
359 3373 428 3425 Tum
449 3377 506 3440 itti,
524 3379 620 3432 ducem
633 3399 661 3432 se
678 3384 799 3452 approbo
811 3401 904 3438 nosse:
920 3403 1002 3456 quem
1017 3385 1136 3453 ipsorum
1150 3391 1260 3454 satrapa
1273 3383 1359 3436 Arau-

273 3459 330 3494 rsus
349 3446 491 3498 certiorem
511 3449 608 3514 faeiat,
640 3469 686 3503 eos
705 3455 771 3506 itiue
789 3472 838 3506 sus
856 3457 932 3510 luera
949 3457 1102 3528 quaesitum
1130 3455 1238 3506 venisse
1264 3461 1358 3521 putas·

255 3513 357 3582 ‘seque
378 3513 449 3566 nihil
472 3517 525 3570 sibi
551 3519 586 3572 ad
612 3523 779 3590 explendum
805 3525 969 3578 desiderium
996 3523 1192 3594 impedimento
1217 3524 1285 3575 iore.
1327 3525 1360 3576 Et

273 3585 402 3653 quoniam
425 3585 460 3637 ab
478 3588 545 3658 ipsia
563 3591 764 3661 impediantur,
785 3606 929 3666 eapropter
947 3596 988 3647 ibi
1007 3603 1094 3648 totum
1112 3593 1185 3646 diem
1205 3596 1359 3648 consisten-

272 3660 314 3705 tes
332 3671 361 3706 re
379 3655 476 3710 docere
496 3675 524 3710 se
545 3661 608 3712 illos
626 3681 682 3714 non
700 3667 813 3718 timere:
840 3667 888 3720 aed
913 3669 936 3719 si
963 3667 1051 3718 velint
1070 3667 1182 3718 initiam
1207 3665 1315 3726 faeere,
1331 3681 1359 3716 se

271 3733 447 3795 pugnaturos.
483 3729 537 3780 lam
564 3740 673 3794 autem,
700 3738 765 3806 quia
788 3737 858 3790 lueto
884 3745 1032 3790 extremum
1051 3745 1137 3799 erret,
1166 3732 1201 3786 ael
1228 3750 1313 3786 nares
1332 3741 1359 3786 et

271 3793 306 3846 ael
328 3805 415 3850 castra
436 3798 614 3853 redeuntium.
661 3805 690 3855 Si
710 3807 777 3875 ipsis
798 3815 934 3877 praestare
950 3807 1074 3858 videatur
1091 3823 1182 3876 pugna
1205 3803 1358 3864 abstinere,

272 3863 345 3948 itiam
364 3883 510 3935 sensuros3
536 3871 559 3922 si
579 3889 696 3942 pugnarn
725 3879 829 3942 veiint,
855 3895 904 3948 pro
930 3877 1036 3930 viribus
1062 3883 1274 3928 concertatores.
1311 3875 1357 3926 Eis

273 3933 354 4016 dictis
374 3943 524 4020 composito
544 3945 702 4012 τριπλάσιά
729 3963 810 4000 naves
829 3955 1003 4000 recesserunt.
1041 3947 1201 4016 Imperatori
1230 3955 1258 3997 et
1275 3947 1359 3996 comi·

272 4003 349 4056 tibus
374 4024 462 4062 vasum
488 4012 613 4065 sufficere
638 4023 714 4067 tanta
742 4019 868 4070 vastitate
893 4019 1028 4088 regionem
1056 4017 1221 4086 prohibere:
1240 4032 1292 4068 aee
1310 4031 1356 4083 per

274 4075 486 4132 retentationem
509 4081 574 4135 dnm
598 4085 677 4153 pauci
704 4103 764 4138 cum
792 4091 884 4140 multis
911 4089 1061 4150 dimicant,
1087 4105 1146 4139 sese
1165 4089 1194 4138 in
1213 4085 1354 4138 discrimen

277 4147 425 4201 eooiioere:
445 4152 494 4206 srtt
513 4169 574 4208 oum
593 4155 702 4208 barbari
720 4159 812 4212 raouir
839 4159 965 4214 manibus
994 4155 1144 4220 discedant,
1162 4157 1255 4210 suricis
1275 4160 1356 4210 etim
