2946 4872
384 277 666 346 anonumum
692 281 789 354 sco.
1083 257 1142 372 49

79 457 128 500 πον
140 436 230 522 τιμῆς
242 433 297 500 τδν
308 433 412 498 πάντα
424 435 587 520 ἐφορῶντα
594 432 795 521 μαρτύρομαι
804 433 970 522 δφθαλμόν
981 435 1041 504 τοῦ
1050 437 1139 504 θεοῦ.
1145 441 1173 499 λ.
1183 443 1210 496 C.
1224 443 1288 501 riru

79 533 119 600 διδ
132 533 166 620 δη
178 533 234 598 καί
245 533 330 616 ῦμῦς
348 529 506 617 βοάλομαι
526 527 626 610 οῦτως
643 531 727 616 ἔχειν
739 535 851 621 σαφοῦς
866 537 1063 620 πεισθέντας,
1081 563 1144 623 μη·

79 635 142 698 δένα
164 629 239 718 περί
251 629 363 698 τοῦτον
386 631 479 716 λόγον
505 640 617 714 κινεῖν,
646 634 728 718 μηδὲ
746 632 948 716 μεταπείθειν
965 638 1144 724 ἐπιχειρεῖν

77 729 174 798 ἔσεσθε
189 729 252 817 γάρ
279 727 426 816 ἠνυκότες
448 729 540 796 πλέον
567 724 666 796 οὐδέν.
696 733 727 796 εἰ
747 734 807 814 μὲν
830 724 886 798 οῦν
908 731 1068 820 ἐθελήσετε
1084 738 1146 802 νῦν

63 832 104 908 5ἔξ
117 831 213 916 ἀρχῆς
231 829 377 912 ἐχόμενοι
393 833 565 913 λογισμῶν,
593 826 651 915 τὴν
667 832 825 916 σωτηρίαν
843 825 967 907 ἑαυτοῖς
980 834 1147 918 ποριζομέ-

77 952 133 1004 νας
146 930 230 1016 φυγῇ
243 927 297 994 τὸν
310 927 519 1016 ὑφορώμενον
534 929 678 994 κίνδυνον
691 928 934 1016 διαδιδράσκειν,
957 921 994 996 ed
1012 923 1053 997 άν
1067 930 1146 1016 ἔχοι,

77 1025 186 1113 κοίτην
197 1029 362 1094 κοινωνίαν
373 1025 467 1104 αῦτδς
482 1021 667 1110 ἀσπάζομαι
681 1025 740 1114 την
759 1029 932 1116 ὑμετέραν,
954 1033 1009 1096 καί
1022 1053 1149 1115 συγκιν-

77 1125 203 1192 δονεάειν
213 1127 293 1208 ὑμῖν
310 1124 474 1213 αἱροῦμαι·
494 1129 524 1194 α’
536 1128 571 1193 δέ
586 1129 640 1213 τῆς
652 1129 807 1214 προτέρας
821 1127 974 1213 άτολμίοιν
990 1134 1046 1196 καί
1055 1131 1150 1196 α’ναν·

79 1225 156 1308 δρίαν
176 1225 381 1320 παραγνόντες
398 1229 530 1312 βουλῆς,
568 1229 714 1328 ἐμμένειν
729 1229 880 1315 ἀσφαλῶς
898 1231 1059 1316 κεκρῦιατε
1079 1237 1175 1307 roien

20 1371 21 1374 ,
52 1325 234 1408 οοδευτέροις,
253 1321 299 1408 μή
318 1327 506 1407 πειθομένου
526 1327 558 1390 δ’
571 1327 669 1408 ἐμοῦ,
691 1326 763 1392 οὔδ’
780 1319 875 1392 edroi
888 1333 1057 1394 λυσιτελεῖν
1072 1322 1149 1393 ἔαυ-

80 1431 131 1497 τοῖς
148 1417 226 1510 άπερ
243 1423 305 1508 e'yoi
322 1421 479 1506 βούλομαι
501 1423 644 1510 ἡγεῖσθε,
678 1424 739 1509 έγολ
757 1427 816 1507 μὲν
833 1429 895 1491 τῶν
918 1425 1069 1494 τοιοῦτον
1094 1423 1149 1514 ἔρ*

80 1545 130 1602 μιν
145 1531 302 1588 κοινωνεῖν
315 1521 394 1605 ῦμῖν
415 1524 473 1588 οῦκ
488 1518 527 1588 δν
548 1520 676 1609 ἑλοίμην
697 1526 790 1607 ποτὲ,
816 1521 900 1606 ὑμᾶς
918 1527 953 1590 δέ
975 1522 1011 1590 τῦ
1035 1527 1148 1591 οἰκεῖον

82 1619 205 1707 άοφαλὲς
217 1619 319 1700 ἔξεστι
330 1620 564 1708 περτσοέζοντας,
579 1621 601 1686 δέ
609 1626 783 1708 συμφέρειν
798 1618 874 1704 ῦμῖν
888 1623 993 1690 οἴεσθε
1008 1617 1147 1691 ἑλέσθαι.

79 1717 163 1806 χάριν
181 1725 216 1788 δέ
233 1720 352 1806 πολλὴν
366 1721 510 1806 δμολομοῦ
520 1723 563 1810 τῷ
578 1723 652 1808 θεῷ,
674 1716 724 1786 δτι
745 1725 801 1805 τῆς
816 1721 861 1796 εἷς
886 1722 943 1803 έμέ
958 1723 1083 1800 εδνοίας
1095 1717 1151 1788 οῦ·

52 1817 125 1882 οῦδὲν
140 1816 212 1887 οάδέ
230 1847 279 1885 πω
295 1824 350 1886 καί
370 1823 428 1886 νῦν
448 1819 527 1902 ὑμῖν
542 1816 699 1904 ἀπήντηκε
714 1823 778 1884 τοῦν
792 1821 964 1906 δυσχερῶν,
984 1821 1060 1886 ου’δέ
1078 1820 1190 1908 περέθ.
1202 1835 1235 1891 ad

80 1905 118 1979 άν
128 1919 383 2000 ἐβουλευσάμεθα
401 1915 575 2003 κατάδηλον
586 1918 680 1983 οῦδὲν
688 1919 812 2002 γέγονεν
829 1918 938 1985 ου’δένέ
951 1917 1032 2004 πλήν
1047 1919 1150 2002 δμοῦν.

80 2014 131 2096 ἐγώ
156 2020 189 2083 δὲ
218 2017 265 2094 οῦς
289 2010 329 2082 δν
354 2011 420 2092 οἷός
442 2041 476 2080 τε
499 2010 542 2100 οδ,
571 2020 627 2082 κατ’
640 2011 742 2093 οῦςάν
763 2015 971 2110 ῦθεὸςδιδηῦ,
992 2019 1147 2106 τδνῦπέρ

80 2113 204 2193 ἐμαυτοῦ
225 2118 369 2182 κίνδυνον
387 2115 631 2202 διακυβερνῆσαι.
672 2109 743 2180 οἶδα
760 2119 819 2198 μὲν
836 2111 894 2183 orla
915 2117 967 2200 ὥς,
988 2111 1028 2184 άν
1042 2121 1151 2204 συμβῇ

79 2212 243 2296 μαχόμενόν
257 2240 300 2298 με
314 2225 437 2298 πεσεῖν,
457 2211 556 2280 πολλά
568 2217 628 2298 μέν
642 2214 863 2302 έπιθρηνηοετε
878 2219 1024 2306 κειμένην,
1044 2215 1228 2282 nutricat

49 2313 111 2378 sole
129 2315 272 2391 πολλάκις
294 2313 532 2380 οἶνακλαῦοεοθε
554 2312 609 2380 τὸν
631 2319 737 2401 φιλσν,
770 2317 800 2380 εἰ
822 2313 861 2400 δή
885 2340 917 2380 τι
950 2319 1005 2380 καί
1027 2313 1152 2400 μνήμης

80 2405 157 2492 ῦξιον
175 2413 403 2495 ἐνεδειξάμεθα
422 2415 531 2500 φιλίας
546 2414 592 2490 εἰς
610 2412 706 2496 ῦμῦς.
745 2413 776 2496 εἰ
788 2416 821 2499 δ’
838 2412 884 2480 ἔτι
903 2410 1040 2500 περιόντι
1059 2411 1153 2479 πάλιν

83 2511 234 2598 ἐθελήσετε
255 2517 462 2600 προσελθεῖν,
483 2514 637 2597 μηδαμῦς
658 2509 735 2596 ῦμῖν
758 2513 909 2594 ἐμπόδιον
927 2511 963 2577 τῦ
991 2515 1048 2578 νῦν
1068 2513 1153 2596 ἡμᾶς

78 2613 263 2697 χωρίζεσθαι
287 2614 483 2698 καταστὴτοο·
499 2611 650 2698 εῦρὴσετε
672 2610 731 2699 γάρ
752 2613 805 2678 αἐί
817 2609 871 2678 τάν
892 2609 990 2677 αῦτὸν
1012 2604 1083 2676 ὄντα
1099 2611 1155 2676 καλ

82 2714 202 2794 φιλικῦς
220 2707 325 2800 ὥσπερ
350 2714 406 2792 καί
427 2713 484 2780 νῦν
501 2712 695 2796 διακείμενον
711 2709 790 2800 πρὸς
806 2711 900 2795 ῦμῦς.
941 2707 986 2796 μη
1006 2709 1152 2794 νομίσητε

85 2875 180 2930 Eodem
190 2883 273 2937 animo
289 2897 337 2936 ros
352 2899 410 2936 csse
420 2879 555 2948 desidero,
575 2890 662 2937 certos
673 2885 766 2954 plene,
782 2897 819 2936 ne
834 2881 933 2935 mutire
946 2879 1057 2953 quidcm
1070 2893 1152 3000 snper

84 2943 130 3000 hac
144 2967 172 3002 re
183 2951 312 3023 amplios,
341 2969 431 3026 neque
448 2956 540 3008 conari
557 2971 600 3007 me
615 2956 645 3005 in
658 2953 793 3006 diversum
810 2953 931 3005 trahere:
953 2969 1004 3004 nec
1020 2954 1093 3003 enim
1125 2951 1152 3000 i-

83 3015 133 3070 lum
155 3026 307 3090 proficietis.
345 3025 373 3076 Si
393 3041 455 3096 ergo
471 3027 563 3098 priora
584 3024 707 3077 consulta
722 3031 811 3075 vestra
833 3030 994 3093 requenter,
1021 3019 1152 3072 instantia

83 3093 194 3156 pericula
204 3095 334 3165 fugiendo
349 3095 485 3150 declinare
495 3095 594 3160 vultis,
618 3095 690 3148 bene
711 3101 767 3159 est,
793 3101 821 3147 et
833 3109 882 3164 ego
901 3092 1089 3144 adnumerum
1104 3107 1153 3143 ve-

84 3167 159 3212 strum
173 3179 214 3216 me
229 3183 351 3236 aggrego,
369 3183 420 3219 nec
433 3167 618 3220 discriminum
633 3165 851 3218 communionem
862 3179 963 3216 recuso.
1001 3163 1049 3216 Sin
1061 3172 1154 3214 autem

85 3228 140 3294 illa,
162 3241 193 3286 ut
209 3253 243 3288 ex
256 3236 405 3289 timiditate
427 3245 454 3290 ct
473 3238 580 3308 ignavia
596 3237 733 3306 proiecta,
756 3231 958 3305 improbantes,
979 3233 1009 3286 in
1026 3233 1152 3286 secundis

86 3303 196 3368 cogitaris
211 3305 403 3360 indubitanter
417 3307 563 3361 consistere
576 3307 747 3371 decrevistis,
768 3323 811 3358 me
827 3304 938 3378 quidem
952 3306 982 3357 iu
995 3303 1050 3358 alia
1061 3305 1153 3357 omnia

88 3367 245 3440 discedente,
262 3395 355 3448 neque
364 3377 442 3429 vobis
458 3395 527 3448 quae
541 3376 609 3430 mihi
621 3379 731 3448 placent
743 3377 885 3448 profutura
896 3373 1005 3438 ducitis,
1024 3391 1072 3446 ego
1086 3391 1153 3427 sane

89 3436 262 3498 huiuscemodi
273 3447 406 3500 factorum
417 3451 583 3501 consortium
596 3463 735 3518 nunquam
746 3447 908 3518 cupiverim:
930 3459 976 3498 vos
991 3463 1059 3517 quac
1074 3461 1153 3497 secu-

88 3509 154 3564 ritati
165 3525 268 3569 restrae
285 3519 436 3572 conducere
451 3519 580 3582 creditis,
598 3519 727 3590 qnoniam
743 3525 863 3587 potestas
873 3521 929 3578 cst,
947 3515 1152 3584 amplectimini.

85 3577 141 3633 Deo
155 3585 299 3657 singulares
317 3605 366 3660 ago
387 3592 500 3659 gratias,
523 3605 584 3642 cum
603 3603 690 3659 usque
707 3587 828 3639 adhunc
848 3587 921 3639 diem
945 3585 1015 3638 nulli
1034 3595 1153 3638 vestrum

86 3665 130 3702 sua
143 3653 168 3706 in
183 3673 226 3709 rue
245 3659 392 3711 inclinatio
407 3661 554 3712 voluntatis
574 3657 721 3729 quidquam
739 3659 839 3710 crcarlt
859 3655 1036 3710 incommodi:
1063 3671 1153 3726 neque

86 3731 153 3775 extra
160 3741 203 3779 ros
211 3729 263 3780 ulll
273 3731 428 3782 mortalium
439 3738 591 3783 nostrarum
599 3728 827 3781 consultationum
835 3743 929 3779 arcana
939 3727 1074 3796 patefacta
1083 3733 1155 3777 sunt.

37 3852 40 3862 Ι
84 3788 160 3859 Quod
172 3797 206 3848 ad
220 3815 263 3850 me
280 3801 394 3862 attinet,
412 3807 444 3852 ut
456 3809 551 3870 potero
567 3805 595 3850 et
610 3807 641 3851 ut
654 3799 727 3849 Dcus
745 3798 885 3861 annuerit,
904 3799 933 3849 in
952 3796 1074 3866 periculo
1094 3813 1154 3849 meo

84 3867 260 3922 memento.
296 3871 431 3940 Equidem
447 3889 503 3922 non
515 3873 626 3942 ignoro,
645 3870 667 3920 si
686 3869 817 3940 inpugna
834 3868 996 3930 occubuere,
1015 3883 1061 3918 vos
1073 3865 1155 3920 morti

83 3946 155 3985 rurae
170 3939 376 3993 illacrimaturos
394 3942 510 4002 affatim,
535 3941 727 4012 frequentique
741 3957 771 3991 ac
783 3939 864 4010 longo
876 3939 940 3990 lletu
956 3939 1072 3990 amicum
1091 3953 1156 4006 pro-

83 4013 223 4070 secuturos,
241 4012 264 4062 si
276 4010 357 4062 modo
369 4011 482 4082 aliquod
497 4009 634 4062 amicitiae
644 4010 770 4061 meritum
782 4011 913 4062 memoria
923 4006 997 4059 huucl
1013 4007 1156 4078 indiguum

82 4071 167 4127 invor
179 4079 316 4132 collocavi.
354 4081 436 4151 Quod
454 4081 476 4134 si
493 4081 528 4133 ad
540 4077 714 4150 superstitem
730 4079 819 4132 denuo
834 4095 881 4133 ros
900 4077 1047 4148 adiungere
1060 4077 1156 4128 volue-

81 4141 157 4206 ritis,
177 4165 229 4200 nou
243 4151 296 4203 erit
310 4151 368 4203 ullo
382 4149 578 4220 impedimento
593 4153 645 4202 ists
660 4165 730 4220 quae
744 4167 818 4202 nunc
830 4149 862 4202 lit
875 4151 948 4202 inter
962 4163 1011 4200 nos
1026 4147 1156 4198 dissocia-

81 4211 140 4260 tio:
153 4219 261 4272 eundem
279 4223 385 4292 quippe
398 4238 442 4274 me
453 4235 569 4294 semper,
587 4227 670 4298 atque
683 4227 715 4273 ut
728 4235 811 4287 nunc,
834 4221 917 4276 vestrl
933 4225 1067 4272 mantem
1078 4217 1155 4272 lure·

122 4303 326 4366 θααοοοοτεπαι.
949 4307 967 4369 t
