2830 4870
242 297 293 380 72
637 289 917 358 cronicorum

95 461 125 514 l.
137 463 164 516 c.
179 449 339 518 ι3οιπάλιν
359 449 524 536 ἡσύχασαν
542 449 762 526 καθεσθέντες,
786 444 802 509 o‘
827 439 1065 528 Μελιτηνιώτης
1083 445 1118 509 δέ
1136 441 1226 508 ἔνδον
1243 441 1326 527 πρύς

239 545 291 612 τὸν
307 547 514 634 πρεσβύτερον
528 547 591 612 τών
598 548 754 628 βασιλέοιν
769 543 883 609 ἐλθών·
909 544 1074 624 ,σκεπτέον
1090 543 1160 605 σοι”
1170 538 1249 627 πρὸς
1267 534 1327 616 οδς

216 643 334 714 utino
348 641 399 730 ,,ὅ,
408 671 438 711 τι
453 650 576 728 μέλλεις
590 647 677 730 δρᾷν,
686 636 714 707 ώ
724 645 864 725 βασιλεῦ.
875 638 954 727 πρὸς
967 639 1026 726 γάρ
1042 640 1161 724 θύραις
1172 648 1242 715 ταῖς
1252 645 1329 714 σαῖς

249 748 439 833 ἐφεστήκασι
462 746 524 810 τών
539 745 595 828 τῆς
612 741 786 826 συγκλήτου
810 743 910 820 τινὲς,
931 737 1038 806 ,πάντα
1061 740 1138 828 cippis
1161 737 1240 822 incip
1268 739 1331 802 τοῦ

242 849 315 912 νέου
334 845 489 929 βασιλέως
503 845 621 922 ἕτοιμοι
644 843 700 904 καί
714 839 849 922 πάσχειν
865 827 984 916 ὅντες.”
1013 836 1135 902 τούτων
1151 834 1294 912 άκούσας
1312 833 1349 910 ὅ5

241 940 390 1029 βασιλεύς
414 943 530 1025 άνέστη
548 963 582 1005 τε
609 939 722 1004 αὐτίκα
743 939 802 1001 τοῦ
822 935 941 1024 θρόνου
948 987 958 1019 ,
989 933 1138 1022 καὶπρὸς
1157 933 1212 1001 τάν
1234 935 1331 1002 ἐνδά-

241 1067 330 1129 τερον
348 1039 482 1106 οἰκίσκον
495 1039 609 1124 ἐχώρει
617 1089 627 1119 ,
647 1033 702 1102 τάν
717 1039 786 1102 νέον
801 1039 933 1120 βασιλέα
951 1045 1017 1111 τοῖς
1033 1035 1242 1120 ἀκροωμένοις
1255 1028 1330 1115 ὅμα

240 1137 327 1227 παρά
353 1137 408 1204 τὸν
431 1135 492 1214 ἔξω
509 1135 698 1206 καταλιπών.
748 1132 805 1202 τὸν
834 1138 934 1218 μέγαν
969 1138 1004 1200 δὲ
1036 1129 1331 1215 μετακαλεσάμενος

167 1242 416 1326 ν.3ηλογοθέτην
431 1234 486 1302 τὸν
505 1237 705 1320 Μετοχίτην,
726 1233 782 1298 καί
795 1229 855 1300 ὅσα
872 1229 912 1318 ἦν
923 1233 1010 1322 αύτῷ
1027 1235 1207 1320 βουλομένῳ
1218 1234 1332 1297 διαλε-

202 1390 206 1396 .
239 1336 343 1420 χθείς,
363 1332 432 1401 εἶτα
451 1338 494 1400 δι’
516 1335 619 1400 orituri
632 1333 744 1419 μηνύει
762 1337 805 1422 τῷ
825 1329 938 1421 έγγόνιρ
955 1334 1011 1397 καί
1025 1338 1165 1414 βασιλεῖ·
1185 1327 1246 1414 „ori
1264 1333 1370 1410 μένω

241 1431 350 1522 οἷσπερ
378 1431 465 1500 εἶπον
492 1436 547 1499 καί
570 1438 709 1499 πλείοσιν
728 1436 819 1522 ένέχη
839 1441 964 1508 κακοῖς·
993 1429 1054 1516 ἐγώ
1071 1434 1093 1497 δ
1098 1435 1108 1461 ’
1123 1427 1246 1497 ἅπαντα
1262 1457 1334 1495 πα·
1411 1457 1412 1516 η

241 1535 360 1622 ριδών,
385 1534 509 1612 άξιώσαο
530 1533 729 1619 συγγνώμης,
758 1527 838 1598 άνά
859 1535 937 1616 λέγε)
957 1532 1089 1620 ποιήσῃς
1103 1526 1209 1605 αύτός.
1248 1533 1334 1594 ταῦ.

239 1661 279 1702 τα
296 1638 327 1700 δ’
345 1635 429 1699 έστί·
450 1637 573 1720 πρώτον
590 1636 650 1714 μέν
665 1629 748 1721 ὅρκῳ
773 1627 995 1696 πιστώσασθαι
1020 1627 1079 1715 τὴν
1094 1628 1197 1695 πίστιν
1222 1631 1335 1694 καθα-
1412 1660 1413 1708 i

162 1750 232 1811 ΜΒ
246 1732 305 1824 ράν
328 1737 371 1823 τῷ
394 1735 524 1820 Χριστῷ
543 1741 665 1817 τηρειν·
694 1728 800 1798 ἔπειτα
817 1727 898 1812 μετά
923 1732 1037 1812 τοῦτο,
1063 1731 1146 1815 μηδὲ
1173 1727 1248 1815 περί
1270 1729 1334 1811 ε’μέ
1412 1767 1413 1790 t

245 1833 340 1899 κακόν
357 1831 560 1920 ὀφθήσεσθαι
579 1833 788 1916 γεγενημένον·
828 1829 931 1917 τρίτον
951 1827 1030 1912 μετά
1047 1833 1159 1914 τούτο,
1188 1825 1371 1915 soronii-15

243 1938 317 2006 λους
346 1933 419 2014 ε’μοί
456 1933 587 2016 ποιῆσαι
617 1929 694 2006 τούς
716 1927 771 1996 σοί
806 1931 1018 2016 συμπράττειν
1039 1929 1096 1994 καί
1116 1933 1333 2016 προσκεῖσθαι

241 2032 484 2117 προῃρημένους·
505 2029 651 2116 τέταρτον
667 2031 722 2113 δέ,
749 2023 830 2118 ὅρκῳ
849 2025 1071 2094 πιστώσασθαι
1094 2025 1335 2116 δρασμῷγρή-

241 2135 357 2195 σεσθαι
383 2131 567 2214 μηδαμάς.”
600 2127 677 2214 πρὸς
706 2133 808 2195 ταύτα
831 2127 980 2212 βασιλεύς
1004 2125 1023 2191 ά
1045 2128 1114 2204 νέος
1136 2126 1333 2212 ἀπεκρίνατο

241 2232 392 2294 τοιαύτα·
411 2227 576 2314 ,κράτιστε
601 2231 754 2311 βασιλεῖ,
782 2227 818 2296 τά
842 2226 898 2312 τήν
922 2228 1027 2292 πίστιν
1050 2221 1155 2310 ὅρκοις
1183 2219 1335 2290 ἀπαιτεῖν

242 2329 402 2412 βεβαιοῦν,
418 2327 495 2413 πρὸς
510 2333 554 2418 τῷ
570 2325 705 2415 σκληρὰν
727 2327 801 2410 ἐμοί
816 2331 989 2417 φαίνεσθαι
1003 2327 1058 2391 καί
1067 2324 1124 2410 τήν
1135 2321 1245 2409 ψυχὴν
1264 2326 1371 2390 ‹ier-ao

211 2437 216 2444 '
243 2431 305 2502 νώς
320 2427 541 2512 ἐκταράττειν,
562 2425 610 2492 ἔτι
628 2431 683 2492 καί
706 2423 811 2520 {auspi
833 2429 1021 2514 περιπίπτει.
1066 2427 1095 2491 εἰ
1120 2425 1179 2508 μέν
1205 2419 1271 2508 γάρ
1298 2426 1335 2488 έν

244 2533 309 2601 τοῖς
327 2523 424 2610 ἱεροῖς
440 2524 496 2591 τὸν
519 2521 612 2613 ὅρκον
641 2519 833 2611 εύαγγελίαις
854 2525 910 2592 καί
925 2535 997 2602 ταῖς
1019 2509 1206 2609 σεβασμιαις
1230 2519 1337 2586 einim

244 2625 380 2700 κελεύεις
404 2623 515 2690 πιστόν
537 2631 659 2708 ποιεῖν,
688 2624 775 2714 αύτῷ
796 2622 895 2716 τούτῳ
918 2624 993 2712 περὶ
1016 2623 1070 2691 τὸν
1090 2620 1164 2688 θεὸν
1192 2621 1336 2703 πιστδν,

244 2724 301 2790 καί
320 2721 377 2788 τὸν
399 2722 536 2812 Χριστὸν
562 2724 777 2804 ἀποδεικνύεις
806 2727 1010 2808 ἐνδεδυμένον
1038 2725 1105 2807 ἐμέ.
1144 2721 1175 2786 εδ
1197 2723 1229 2786 δ’
1243 2713 1336 2812 ὅτ’λλερ

242 2842 375 2896 facessere
393 2845 571 2909 iubentibus,
597 2846 652 2900 duo
675 2846 788 2919 quidem
807 2847 998 2900 conticuerunt
1023 2860 1056 2898 ac
1071 2839 1246 2906 resederunt3
1269 2841 1337 2896 hle·

241 2913 385 2968 litenensis
410 2925 502 2969 antem
522 2919 558 2970 ad
574 2921 767 2986 imperatorem
784 2916 880 2970 adiens
903 2919 934 2970 in
952 2933 1045 2972 aurem
1070 2915 1113 2968 illi
1133 2915 1336 2968 insusurravit:

242 2982 369 3048 videret,
397 2986 465 3058 quid
482 2998 590 3059 ageret3
617 2987 652 3040 ad
678 2989 750 3042 iores
767 2989 902 3042 conclavis
930 2985 1063 3058 quosdam
1088 2993 1176 3038 artare
1202 2981 1237 3036 de
1264 2986 1338 3037 viris

242 3056 427 3174 ppineipibns,
451 3075 500 3126 pro
525 3060 634 3112 iuniore
652 3059 817 3126 imperatore
841 3065 950 3126 paratos
972 3057 1062 3110 iacere
1090 3064 1119 3108 et
1141 3053 1200 3122 pati
1227 3057 1336 3108 omnia.

269 3142 301 3176 oc
326 3127 426 3178 nuntio
453 3137 621 3190 commotus,
646 3128 750 3180 aeolio
769 3128 810 3180 nil
829 3136 971 3182 cunctatur
996 3129 1082 3198 surgit
1098 3134 1128 3178 et
1153 3125 1183 3176 in
1208 3123 1337 3178 domun-

243 3195 331 3244 culam
350 3197 509 3248 interiorem
528 3215 557 3249 ae
575 3199 724 3263 recipiens,
750 3199 816 3250 soris
834 3206 963 3266 nepotem
991 3215 1052 3250 cum
1077 3193 1260 3250 assessoribus
1287 3214 1338 3249 re-

241 3261 361 3332 linquit:
386 3265 571 3338 ndvocatoque
591 3283 687 3335 magno
704 3266 844 3336 logotheta
861 3266 1028 3330 hletoehite‚
1048 3277 1077 3322 et
1100 3284 1161 3318 cum
1187 3283 1230 3328 eo,
1258 3283 1338 3338 quae

241 3333 361 3394 volebat,
378 3336 545 3400 collocutus,
563 3337 731 3389 adolescenti
750 3353 799 3404 per
817 3355 879 3390 eum
901 3335 968 3390 haec
985 3339 1126 3408 significat.
1167 3336 1232 3386 Esse
1266 3339 1338 3407 qui-

242 3401 304 3452 dem
324 3403 402 3454 illum
421 3406 464 3466 iis,
482 3425 553 3477 qnae
572 3406 711 3470 audisset,
738 3417 766 3460 ot
785 3407 910 3478 pluribus
929 3409 1078 3462 sceleribus
1101 3407 1285 3459 obstrictum:
1306 3424 1338 3460 ae

242 3479 334 3524 tamen
352 3477 442 3526 omnia
461 3475 490 3528 in
507 3477 629 3530 minimis
646 3487 860 3542 numeraturum,
878 3487 908 3530 et
923 3479 1032 3530 veniam
1049 3494 1095 3530 reo
1112 3478 1149 3528 im
1170 3475 1338 3540 eruturum,

242 3541 265 3592 si
284 3559 355 3612 quoe
373 3545 539 3610 postularet,
567 3547 675 3600 efficere
694 3549 865 3602 inanimum
884 3547 1014 3612 inducat,
1041 3565 1139 3617 nempe
1152 3493 1241 3598 haec:
1272 3547 1338 3615 pri·

242 3627 332 3676 mum,
356 3621 388 3666 ut
416 3625 582 3671 sacramento
621 3618 710 3672 firmet
736 3635 764 3670 re
790 3617 899 3672 Christo
923 3617 1006 3670 fidem
1030 3635 1124 3686 puram
1149 3625 1178 3668 et
1204 3626 1338 3670 sanct-un

242 3697 364 3764 aestare3
384 3692 461 3749 tum,
487 3687 559 3740 nihil
577 3689 642 3740 mali
668 3688 698 3742 in
722 3705 801 3742 amm
826 3690 1003 3754 moliturnm3
1028 3689 1145 3750 adhaec,
1163 3703 1258 3740 eorum
1280 3705 1338 3740 uo-

242 3767 333 3816 nrrna,
351 3757 400 3824 qui
418 3757 516 3824 seipsi
541 3758 674 3812 satellites
691 3775 722 3810 ac
747 3759 887 3812 ministros
912 3757 1063 3814 facinorum
1086 3759 1208 3811 volentes
1233 3757 1339 3810 liben-

241 3827 337 3940 tcstpue
362 3826 553 3893 praebuerint,
576 3828 610 3882 αδ
634 3829 723 3896 ipsum
749 3827 921 3898 delaturum3
947 3838 1103 3899 postremo,
1140 3845 1195 3880 noo
1219 3843 1249 3879 se
1271 3829 1337 3880 ullo

241 3905 323 3943 mmo
342 3895 500 3964 lngiturum
538 3897 580 3950 Δδ
598 3899 649 3950 ista
668 3899 761 3952 iunior
781 3898 834 3952 hoo
851 3916 1012 3968 responsum
1029 3899 1120 3954 dedit:
1140 3897 1223 3967 Quod
1240 3895 1279 3952 de
1301 3899 1340 3950 ii·

240 3959 275 4012 do
294 3961 323 4014 ln
341 3963 479 4018 Christum
497 3967 679 4022 confirmanda
699 3972 859 4024 sacramenti
877 3987 894 4021 n
911 3987 955 4024 me
973 3969 1132 4040 religionem
1159 3967 1254 4038 exigis,
1277 3971 1338 4020 im-

239 4037 484 4117 peratoroptime,
502 4047 693 4110 praeterquam
711 4037 786 4159 ‹puod
803 4039 902 4093 durum
928 4039 1037 4094 videtur
1062 4047 1237 4108 mentemque
1266 4055 1336 4090 me-

239 4117 283 4152 ana
305 4119 435 4156 merorem
459 4107 488 4158 in
512 4106 622 4160 modum
644 4108 779 4176 percolit,
800 4111 883 4162 etiarn
901 4127 957 4164 non
975 4107 1103 4164 cohaeret
1128 4118 1156 4162 et
1179 4109 1210 4162 in
1227 4123 1257 4160 se
1285 4109 1337 4178 ip-

239 4187 300 4222 sum
316 4175 429 4230 eormit.
464 4177 494 4227 Si
515 4179 588 4229 enim
606 4195 649 4230 me
671 4195 720 4248 per
743 4195 818 4234 sacra
841 4182 981 4249 evangelia
1016 4189 1045 4234 et
1068 4177 1235 4234 venerandas
1261 4195 1335 4232 san-

241 4246 343 4298 ctorum
362 4247 493 4318 imagines
514 4245 633 4304 fideliter
651 4249 739 4308 lurore
757 4249 852 4316 iubes,
870 4250 922 4308 hoc
940 4251 999 4324 ipso
1018 4253 1116 4328 utiquo
1132 4251 1192 4306 Deo
1215 4245 1336 4308 fidelem
