2830 4870
377 231 661 310 nrsronrtnurr
688 241 715 304 ι.
745 239 796 312 15.
1094 243 1144 329 71

80 387 119 460 τίς
137 377 229 470 χρεία
247 381 399 452 τοιούτων
416 384 528 470 λάγωνς
554 390 586 454 εἰ
599 391 660 471 μὲν
675 389 828 474 δικάζεις,
862 391 967 474 δίκαζε
988 391 1068 466 κατά
1089 393 1215 462 vinc.
1228 409 1289 466 ιλιι

74 505 155 566 μους
181 485 213 548 εἰ
223 483 259 548 δὲ
278 481 352 569 πρὶν
372 487 500 552 δικάσαι
513 488 739 578 καταψηφιζη,
772 483 864 556 addis
883 484 904 577 ἢ
922 490 1012 570 δι’κας
1035 491 1144 560 λοιπόν
1152 514 1178 567 Ρ,
1187 512 1219 584 ηη

75 585 243 674 λαμβάνειν.
271 582 388 668 πράττε
406 589 574 673 τοιγαροῦν
594 583 617 652 ά
633 611 686 654 σοι
702 591 925 675 κεχαρισμένα·
954 589 1090 678 χάριτας
1110 595 1146 658 δέ

77 707 119 748 σοι
135 681 190 760 τάς
202 681 352 768 μεγίστοις
369 679 513 768 ὁμολογῶ
524 686 567 774 τῷ
582 685 637 754 καί
656 689 826 772 λέγεινκαὶ
842 685 989 774 πράττειν
1009 690 1062 755 ἐπὶ
1083 694 1146 758 τάν

59 780 221 870 inopinos
235 780 378 866 τουτωνὶ,
394 781 418 848 ά
433 781 472 870 δὴ
487 784 543 851 καί
557 789 655 871 λέγεις
671 785 727 852 καί
743 785 902 874 πράττεις.
931 785 1004 870 ἐμοὶ
1021 786 1081 876 γάρ
1106 781 1146 856 ia

75 907 101 946 τι
115 885 162 947 καί
174 883 237 948 τάν
254 876 416 968 άδοκὴτων
430 877 493 950 άπά
508 907 544 970 με
562 887 620 950 τοῦ
639 887 695 952 νῦν
717 885 810 974 έπιῂ,
839 879 877 952 οὖ
901 884 1028 975 σφόδρα
1045 888 1144 974 λυπη-

74 1005 130 1066 σει,
147 978 276 1056 πολλοὺς
294 977 402 1066 ἔχοντι
414 979 584 1071 μάρτυρας
602 987 659 1070 τῆς
675 984 812 1062 άδικάις.

145 1083 180 1148 ri.
192 1073 310 1147 Ἐνδον
324 1084 384 1162 μέν
405 1075 463 1148 οὖν
483 1085 616 1151 τοιαῦτα
646 1089 723 1172 παρ’
742 1085 865 1173 ἀμφοῖν
888 1092 955 1152 sota
976 1088 1164 1170 parsitant

74 1179 185 1266 ἐλέχθη.
225 1177 362 1266 ὄμέγας
386 1184 421 1249 δὲ
445 1185 629 1266 δυμέστικος
655 1183 748 1252 καὶὸ
773 1187 1021 1273 πρωτοστράτωρ
1046 1187 1081 1253 ἓν
1103 1190 1147 1275 τῷ

45 1281 216 1368 Ιθὲξιοτὲρηι,
234 1279 379 1366 καθάπερ
409 1279 554 1369 ἔφθημεν
569 1282 725 1368 εἰπόντες,
745 1287 957 1372 διατρίβοντες
970 1281 1060 1374 οἴκῳ,
1089 1289 1146 1352 καί

76 1382 128 1443 τοῦ
141 1385 348 1466 πρεσβυτέρου
364 1385 520 1465 βασιλέως
534 1379 730 1470 τραχύτερον
748 1379 940 1460 οἷκοάσαντες
965 1388 1144 1472 φθεγξαμέ·

76 1499 139 1560 κου,
155 1479 206 1544 ἕπε’
215 1482 302 1568 κακῷ
318 1504 353 1544 τε
372 1483 431 1545 τοῦ
447 1481 519 1548 νέου
533 1487 689 1566 βασιλέως
707 1481 766 1568 τήν
782 1481 962 1570 τραχύτητα
989 1486 1048 1568 τῆς
1072 1508 1141 1570 φω-

73 1581 119 1662 νῆς
138 1580 288 1666 οἰηθέντες
298 1575 402 1664 εἶναι,
423 1578 612 1666 ἐκινήθησαν
633 1583 693 1666 μὲν
706 1579 783 1650 ὅθεν
800 1581 975 1668 ἐκάθηντο,
995 1585 1052 1648 καί
1065 1607 1144 1671 προ-

72 1681 157 1761 ῆλθον
177 1681 233 1746 ἐπὶ
250 1680 365 1768 μικρὸν
388 1679 521 1762 άμάνειν
537 1680 720 1768 ιδρμημένοι
745 1685 790 1772 τῷ
815 1681 875 1772 νέῳ
902 1687 1037 1767 pacaret
1088 1683 1144 1768 ιῆς

43 1773 199 1864 15ταραχῆς
218 1781 254 1846 δὲ
272 1781 491 1866 πεπαυμένης,
512 1775 611 1858 αὖθις
636 1779 806 1868 ἦαάχασαν
828 1780 885 1848 καί
901 1782 1007 1848 ου’τοί.
1055 1790 1142 1866 τρεῖς

75 1877 99 1938 δ’
107 1871 205 1954 αὐτοῖς
218 1875 289 1944 ἐκεῖ
297 1879 515 1966 συμπαρόντος
527 1883 590 1946 τοῖν
600 1881 793 1948 οἶκειοτάπων
803 1883 848 1970 τῷ
858 1880 1061 1970 πρεσβυτέρῳ
1078 1883 1140 1946 τιὸν

74 1977 220 2060 βασιλέων,
231 1974 259 2059 δ’,
265 2002 301 2042 τε
307 1977 544 2066 Μελιτηνιιάτης
550 1978 708 2065 Ἰωάννης,
720 1976 920 2068 Ἀνδρόνικδς
927 1977 985 2044 τεά
994 1978 1163 2064 ’cedrea-c

71 2095 119 2153 χος
129 2075 181 2141 καὶ
191 2077 294 2163 τρίτος
308 2071 326 2142 ὅ
341 2076 485 2164 Βάρδας,
505 2075 562 2144 καί
575 2075 631 2164 τὴν
645 2073 746 2166 άρμῆν
761 2077 868 2145 αάτυόν
885 2078 1140 2156 ὑποπτεύσαντες

72 2170 107 2248 ὥς
119 2173 196 2261 irtio
220 2175 427 2262 Ἀνδρονίκου
442 2179 502 2241 τοῦ
518 2179 591 2242 νέου
615 2180 846 2264 μεμεννημένην,
866 2181 1011 2261 λέγουσιν
1030 2176 1141 2256 αάτοῖς

40 2271 290 2356 λῠπροοελθόντες,
306 2273 350 2349 ὥς
364 2277 448 2357 ,τῶν
458 2278 614 2359 βασιλέων
623 2277 701 2364 πρὸς
709 2276 862 2362 ἀλλήλους
878 2276 1139 2363 περίτινωνάδή-

70 2376 123 2434 λων
133 2375 366 2458 διαλεγομένων,
385 2376 457 2440 δέον
471 2372 556 2456 ὑμᾶς
567 2373 761 2454 ἀποστάντας
773 2378 836 2442 τοῖν
847 2367 921 2458 ὦδε,
941 2369 1020 2462 πρὸς
1031 2372 1089 2460 τὴν
1105 2375 1140 2440 ἒν

69 2461 226 2550 βασιλείοις
239 2471 343 2558 αυλὴν
350 2479 499 2560 χωρεῖν.”
513 2477 578 2542 τάν
591 2477 623 2540 δ’
637 2477 750 2554 ου’τοῖς
768 2475 953 2562 δριμύτερον
960 2471 1138 2558 ε’νιδόντων,

70 2569 116 2634 καὶ
129 2569 161 2636 τά
183 2575 374 2654 θυμοῦσθαι
389 2575 445 2638 καί
468 2571 649 2662 άφθαλμοϊς
673 2572 730 2639 κατ’
751 2571 855 2658 λόγοις
878 2575 1137 2657 ἐνδεικνυμένων,

72 2665 244 2744 ἔξιόιοοθαί
260 2695 296 2737 τε
317 2672 374 2738 καί
387 2669 433 2758 μη
451 2678 660 2762 παρενοχλεῖν
677 2671 889 2740 κελευσάντων
896 2721 907 2756 ,
939 2667 970 2736 οἱ
997 2669 1056 2738 δυύ
1079 2673 1140 2753 μὲν

73 2816 145 2886 aigne
159 2821 265 2888 effudit,
291 2837 411 2893 proquo
428 2821 549 2874 vicissim
566 2835 674 2888 meum,
699 2837 779 2875 eausa
797 2822 972 2892 postulante,
991 2825 1139 2874 effusurum

72 2885 174 2944 fidenter
194 2895 250 2957 aio,
273 2909 324 2963 pro
346 2909 396 2945 suo
428 2891 514 2945 habet
535 2907 669 2976 suumque
692 2893 823 2944 nominat
866 2893 967 2944 Verum
995 2891 1063 2962 quid
1086 2891 1139 2942 istc

69 2959 197 3016 verborum
212 2964 375 3016 velitatione
393 2979 461 3033 opus
479 2961 542 3016 est?
567 2961 597 3014 Si
622 2961 743 3023 iudicas,
767 2961 915 3014 secundum
940 2961 1012 3030 leges
1030 2959 1139 3014 indies:

68 3029 89 3079 sl
105 3041 187 3086 autern
204 3043 267 3086 ante
284 3033 463 3096 condemnat,
482 3049 563 3105 quam
580 3030 700 3097 iudicas,
718 3039 817 3097 restat,
834 3035 876 3085 uti
889 3031 1053 3102 supplicium
1068 3046 1139 3101 quo-

68 3101 162 3168 quade
179 3121 220 3158 me
237 3119 337 3160 sumas.
373 3105 490 3158 Proinde
510 3105 554 3157 sao
572 3102 684 3156 delicias
702 3104 805 3170 animo
819 3109 876 3156 tuo.
919 3101 1025 3154 Gratias
1048 3109 1141 3154 autem

69 3169 113 3220 tibi
129 3177 252 3226 maximas
270 3191 339 3244 ago,
359 3175 434 3245 quod
449 3174 491 3227 his
509 3173 698 3246 praesentibus
717 3175 769 3226 ista
788 3181 817 3226 et
834 3173 902 3226 dicis
921 3181 949 3224 et
966 3173 1042 3226 sacis.
1069 3169 1141 3222 Nam

69 3239 89 3288 tl
104 3245 236 3314 quippiam
254 3247 338 3296 etiam
358 3245 534 3314 improvisum
552 3258 586 3296 εκ
603 3243 656 3297 hoc
674 3245 720 3298 dis
738 3260 782 3296 me
801 3245 998 3307 incanuerit,
1016 3259 1072 3295 non
1090 3256 1141 3294 ve-

69 3305 194 3368 hementer
210 3313 402 3379 contristabit,
420 3315 528 3400 quaudo
547 3315 639 3382 plures
657 3315 810 3368 iniustitiae
824 3323 888 3368 tuae
905 3321 988 3367 testes
1007 3312 1108 3368 habeo.

131 3385 167 3442 15.
200 3388 278 3439 Intus
292 3385 362 3438 baec
374 3386 408 3438 ab
425 3385 638 3456 imperatoribus
654 3385 824 3439 dicebantur.
860 3387 974 3456 Magnus
987 3399 1068 3453 porro
1086 3381 1138 3434 do-

70 3453 180 3510 urum.
197 3463 227 3510 et
244 3464 424 3525 protostrator
441 3456 508 3508 loris
529 3463 722 3524 expectantes,
749 3463 781 3507 nt
806 3454 965 3518 docuimus,
991 3463 1020 3506 et
1043 3469 1137 3504 senem

69 3523 249 3580 tumultuosius
267 3527 430 3580 clamantem
447 3526 601 3590 audientes,
620 3543 735 3598 eamque
752 3541 810 3577 rem
825 3527 897 3578 malo
914 3541 972 3577 esse
990 3523 1087 3591 nepoti
1104 3539 1138 3573 o-

68 3591 276 3662 pinantes,1ooo
295 3613 324 3649 se
343 3605 456 3666 repente
473 3605 600 3659 movent,
625 3605 654 3650 et
674 3597 710 3648 ad
727 3593 870 3647 serendum
889 3597 1024 3646 auxilium
1043 3593 1137 3645 conei-

67 3664 111 3714 tati
128 3667 161 3716 all
181 3678 295 3721 uantum
312 3667 473 3736 procedunt.
510 3667 565 3720 Sed
582 3668 699 3736 strepitu
723 3667 773 3719 illo
799 3683 849 3718 con
871 3667 1026 3724 niesoente,
1052 3664 1137 3714 etiam

69 3732 114 3798 ῖοεὶ
130 3747 278 3808 quiescunt.
309 3737 430 3792 Aderant
446 3739 591 3803 illistam,
609 3755 658 3790 avo
677 3739 835 3806 imperatori
851 3685 1138 3816 domiliarissirniplo-

67 3817 142 3858 annes
157 3809 364 3873 melitenensis,
381 3807 552 3862 Andronicus
574 3807 743 3862 Exotroshus
767 3815 796 3859 et
813 3805 931 3870 liardas,
969 3805 1018 3876 qui
1036 3801 1138 3854 butus-

68 3877 163 3929 cemodi
176 3881 309 3950 impetum
325 3895 374 3948 pro
392 3877 547 3932 Andronico
568 3879 678 3932 iuniore
698 3885 854 3945 susceptum
871 3879 1073 3935 coniectantes,
1098 3874 1138 3923 sic

68 3957 109 3995 eos
132 3952 242 4022 aggressi
270 3957 351 4013 runt,
376 3958 408 4002 ut
431 3948 571 4014 dicerent,
598 3949 809 4018 imperatoribus
830 3961 981 4000 sermonem
1009 3957 1137 3995 arcannm

67 4015 272 4085 conterentibus,
291 4019 389 4074 decere
408 4035 453 4075 eos
475 4019 540 4073 inde
558 4035 587 4073 se
604 4027 774 4073 removentes
802 4019 832 4070 in
850 4019 950 4071 atrium
967 4013 1064 4083 palatii
1092 4025 1137 4064 ss-

69 4083 164 4148 sedere.
197 4091 307 4163 Quibus
335 4099 413 4144 torvo
435 4091 541 4145 lumine
566 4091 756 4153 intuentlbus,
774 4097 987 4172 conceptamque
1006 4086 1036 4136 in
1055 4095 1138 4150 pras-
1177 4102 1182 4110 ·

72 4155 238 4220 corellianam
258 4179 315 4216 aaa
331 4162 409 4216 vultu
429 4162 526 4227 ruodo,
545 4161 593 4216 sed
610 4178 675 4217 voce
693 4173 803 4238 quoque
821 4157 1015 4230 prodentibus,
1034 4163 1136 4222 eosquu
