2946 4872
523 303 758 372 emano,
828 319 846 366 .·
1109 299 1177 388 xxi

118 459 269 554 terminus,
313 471 460 559 Origenes
487 485 517 538 et
537 473 1014 561 Tertulliannsqnales'tcndem
1035 478 1176 548 mammii

117 575 213 637 Nonne
237 595 343 638 eorum
377 575 515 638 haereses
548 582 671 648 extent?
716 577 879 641 'Feruntur
909 579 1177 646 demomuationes

116 675 290 759 evangelime
315 675 439 740 Eusebii
464 675 638 760 Pamphili,
667 680 700 741 in
721 678 832 762 quibus
855 690 977 763 aperte,
1005 691 1036 744 et
1058 683 1176 765 saepius

114 765 272 856 ἇριανίζει,
298 775 381 858 quod
403 775 593 866 doctissimus
603 775 708 840 Billius
728 777 972 840 observationum
990 779 1046 842 lib.
1072 801 1176 863 neap.

115 893 157 955 sp.
165 872 249 956 plane
273 895 309 937 ac
331 875 442 937 diserte
463 876 601 946 ostendit.
642 877 725 956 Quid
742 877 1011 940 demonstrationes
1023 877 1174 964 evangeli-

114 977 179 1034 caei
214 975 321 1038 Statim
335 978 367 1037 in
389 977 455 1059 ipso
468 975 850 1062 principioeoclesiasticaa
870 978 934 1040 eius
948 975 1091 1040 historism
1103 982 1174 1061 (quo
1281 1059 1283 1063 Ι

114 1085 292 1136 monimento
311 1073 388 1137 nihil
411 1073 556 1138 hebernus
583 1078 615 1140 in
643 1075 796 1162 republica
822 1077 993 1140 Christiana
1019 1075 1174 1162 illustrius)

113 1167 285 1236 Arianismos
309 1173 426 1259 aliqrrot
453 1175 593 1240 observat
617 1187 702 1240 tomo
725 1179 814 1242 tertio
838 1175 1005 1240 Annalium
1030 1177 1174 1240 Zonaras.

113 1265 225 1332 Suntin
241 1275 379 1336 menibus
401 1287 594 1338 monumenta
615 1277 736 1358 Photii,
763 1288 833 1338 nint
855 1277 1008 1340 Theodori
1018 1276 1173 1340 Balsamo-

112 1366 176 1448 nis,
203 1373 251 1454 qui
272 1373 416 1454 Latinos,
440 1385 475 1436 ut
498 1373 755 1459 pestilentissimus
777 1377 1002 1456 schismaticus,
1029 1377 1173 1438 conviciis

110 1470 207 1547 passim
220 1469 339 1535 lacum
378 1473 511 1536 Eosdem
525 1475 566 1536 ob
578 1478 797 1559 processionem
818 1479 912 1539 sancti
924 1475 1054 1559 Spiritus
1072 1476 1171 1560 magi·

110 1573 148 1626 nt
158 1571 241 1632 edam
258 1571 368 1636 nobilis
386 1573 465 1636 inter
476 1573 631 1660 theologos
647 1585 748 1660 patres
760 1573 1004 1659 Theophylectus
1014 1574 1172 1658 Bulgmiae

111 1667 268 1752 episcopus,
297 1682 348 1752 et,
377 1673 462 1735 cuius
477 1671 613 1736 similiter
632 1695 775 1758 magnum
795 1674 874 1735 inter
892 1693 992 1735 socros
1012 1675 1173 1755 scriptores

110 1783 204 1830 nomen
229 1781 292 1853 est,
322 1771 517 1856 Euthymios.
569 1772 698 1836 Possum
722 1772 821 1836 adhuc
839 1773 997 1834 nominare
1018 1771 1171 1852 homiliae,

111 1873 137 1923 tt
150 1865 201 1931 clia
212 1873 325 1954 scripta
344 1872 550 1938 huiuscemodi
568 1873 738 1954 hominurn,
764 1893 843 1958 quas
861 1876 893 1936 in
908 1871 1051 1934 Latinum
1069 1883 1170 1934 maris-

110 1958 161 2026 leta
169 1965 315 2052 leguntur,
344 1982 375 2033 et
387 1971 427 2034 ab
440 1971 565 2036 erudih's
584 1973 788 2058 proienmtur.
828 1973 862 2035 si
874 1995 945 2056 ergo
958 1993 1014 2034 nac
1032 1973 1171 2055 superio-

109 2081 165 2124 mm
176 2066 333 2151 historiae,
351 2071 415 2132 ‘nec
429 2073 555 2134 istorum
575 2074 781 2136 commentarii
800 2071 944 2134 hactenus
958 2069 1100 2134 ecclesiae
1120 2071 1167 2132 in-

108 2167 336 2232 wmmodsruntr
358 2173 432 2254 quin
445 2173 545 2254 potius
558 2171 650 2255 (quod
663 2193 711 2234 res
724 2171 848 2244 clamati
863 2173 974 2232 mirum
987 2172 1021 2232 in
1042 2169 1168 2232 modum

109 2263 340 2354 vehementerque
360 2271 608 2351 commodarunt,
636 2293 676 2334 ne
698 2271 938 2333 aCnntacuzcno
956 2269 1079 2352 quidem
1101 2289 1167 2332 ma·

109 2363 147 2442 git
156 2363 289 2430 damnum
307 2367 405 2431 ullum
425 2369 640 2452 metuendum,
667 2391 759 2454 quam
778 2370 905 2450 fructus,
929 2371 1015 2451 isque
1026 2389 1088 2430 non
1102 2388 1168 2428 me-

108 2458 220 2547 diocris,
239 2479 275 2529 ut
289 2489 324 2531 ex
339 2469 582 2532 antecedentibus
595 2471 706 2553 patuit,
731 2467 945 2552 exspectandus
959 2477 1012 2530 est.
1052 2467 1168 2530 Rerum

107 2572 239 2640 gestarum
272 2589 309 2630 ac
329 2571 527 2632 vetustiorum
559 2579 731 2652 temporum
762 2567 887 2645 utilem,
910 2567 1168 2648 necessariamque

108 2665 289 2742 rognumem
319 2669 527 2750 persequimur
545 2678 578 2729 et
598 2669 798 2751 inquirimus:
826 2667 947 2748 siquid
968 2665 1120 2726 interdum
1133 2667 1167 2726 in

106 2757 242 2824 iisnrinm
259 2766 494 2828 commendabile
514 2769 704 2851 aspergitur,
725 2766 758 2826 id
779 2777 843 2827 tota
861 2776 962 2826 mente
991 2783 1167 2827 aversamur

106 2864 359 2938 alquereiicimus:
388 2875 419 2928 et
441 2865 557 2928 calamo
574 2868 684 2946 enam,
708 2885 779 2926 cum
800 2875 845 2924 est
861 2865 998 2943 occasio,
1025 2873 1167 2929 notamus

106 2966 186 3039 tique
203 2963 396 3029 confodimus.
436 2965 500 3026 Nec
525 2983 598 3027 vero
619 2964 658 3024 ab
679 2964 739 3024 hoc
757 2973 879 3024 auctore
899 2973 1003 3022 nostro
1024 2959 1167 3022 ecclesiae

105 3051 260 3142 Romanae,
290 3075 342 3124 aut
362 3065 498 3126 Romano
518 3063 651 3148 pontifici
666 3059 863 3123 contumeliae
880 3060 1042 3139 dicuntur,
1073 3077 1165 3141 quern

105 3165 217 3242 patron,
238 3165 456 3228 sanctissimum
477 3165 646 3242 dominum,
673 3173 726 3225 tun
745 3161 905 3238 sanctitas,
937 3169 991 3220 tus
1009 3155 1165 3220 hestimdo

105 3269 196 3321 Vocat:
218 3273 245 3324 et
259 3275 294 3324 ut
308 3264 389 3346 apud
403 3285 472 3326 eum
484 3267 625 3348 opinione
644 3261 726 3322 mala
742 3281 782 3322 ne
799 3263 850 3339 sit,
873 3256 1031 3338 elaborat(
1039 3265 1167 3339 propter

105 3349 248 3444 barbaros,
271 3363 388 3425 Turcns
408 3363 567 3442 videlicet,
592 3365 625 3424 in
647 3361 789 3424 auxilium
804 3360 980 3435 accersitos,
992 3367 1163 3422 sanatam·

106 3471 154 3532 que
163 3457 235 3522 bello
248 3462 330 3524 civili
343 3463 553 3546 provinciam)
572 3482 642 3523 cum
655 3481 691 3522 eo
705 3479 789 3520 arma
803 3459 946 3520 adversus
960 3455 1095 3518 infideles
1105 3473 1163 3537 pro

105 3549 185 3632 glorie
203 3564 299 3623 crucis
320 3561 433 3624 Christi
454 3565 635 3645 coniungere
657 3561 760 3642 cupit:
794 3561 858 3620 cius
875 3555 1078 3618 laudationem
1104 3552 1164 3614 sibi

105 3653 267 3736 amplissimo
287 3661 397 3722 honori
415 3661 514 3723 ducit:
542 3661 654 3744 legatos
673 3661 767 3742 ipsius
784 3657 913 3740 benigne
932 3655 1061 3738 excipit:
1091 3671 1163 3714 curn

106 3753 206 3836 cedern,
225 3760 376 3822 Clemente
392 3763 535 3822 nimirum
554 3761 625 3839 vt,
646 3758 684 3820 de
707 3756 822 3841 synodo
843 3752 1001 3831 habenda,
1029 3749 1161 3814 redinte-

105 3855 259 3940 grandoque
282 3861 473 3922 ecclesiarum
494 3859 654 3922 concordia
678 3856 802 3919 sollicite
829 3875 865 3916 sc
894 3861 1066 3914 reverenter
1089 3851 1160 3934 ugit.

104 3945 173 4031 Non,
192 3957 331 4042 inquam,
361 3959 411 4021 bic
435 3961 546 4043 probra
570 3970 599 4020 et
612 3955 769 4018 maledicte
783 3955 953 4016 iaciunturs
977 3951 1029 4014 sed
1047 3949 1161 4012 dissen-

104 4047 139 4109 tio
164 4073 195 4117 ac
210 4055 363 4122 tlissidium
384 4059 460 4124 iliud
474 4082 492 4125 a
505 4060 591 4126 nobis
603 4059 738 4138 latinis,
753 4057 813 4119 iam
835 4053 924 4140 lippis
941 4063 971 4115 et
990 4048 1162 4116 tonsoribus
