2918 4846
392 310 692 386 ursaonstnnu
710 326 751 389 ιι.
780 329 834 396 ιο,
1088 301 1172 413 559

83 477 124 543 τὰ
140 477 380 562 detrabentibus
393 469 613 560 συμβουλεύει,
632 480 795 560 ,,παύοον”
815 473 882 553 elus
892 480 1047 564 „sororiae
1061 483 1306 566 λέγειν.λ.ῦ.ι34ι

19 596 22 607 ·
83 573 120 651 δς
137 575 218 662 γὰρ,
229 576 289 641 τού
310 572 404 661 φιλου
423 575 603 658 τεθνεύτος,
621 573 667 662 μη
686 576 760 654 τούς
779 577 889 666 φιλίας
906 587 998 665 τηρεῖ
1012 577 1160 663 δεσμούς,
1175 593 1196 650 C

83 667 172 751 pairac
191 675 267 740 ούδδ
287 677 403 754 ζῶντος
422 668 463 761 ἧν
484 676 575 760 φιλας
594 669 748 763 ἀληθης.”
775 675 856 765 πρὸς
873 681 934 760 μέν
955 671 1014 744 οάν
1036 676 1090 744 asia
1109 682 1169 759 μέ.

82 801 141 861 γαν
161 773 343 858 δομέοιικσν
364 769 456 842 ούδὲν
475 769 647 859 tucino,
682 771 781 853 ούιοος
807 779 970 864 ε’μβριδούς
998 775 1171 860 ἀποκρινοί-

60 881 183 960 5μενον·
203 878 243 962 τῇ
254 872 352 959 μητρί
365 875 400 938 δὲ
414 867 516 941 αύτού
529 873 722 961 προσελθών,
742 876 782 942 τοὶ
797 869 852 974 ἴσα
866 879 1022 962 ἐπεχείρει
1035 879 1169 956 πείθειν,

79 976 226 1057 οἰόμενος,
243 967 284 1038 ἀν
298 972 416 1059 ταύτην
423 981 531 1041 πείσαι
545 976 678 1064 δυνηθῇ,
698 973 734 1041 τὸ
748 975 997 1060 σπουδαζόμενον
1011 975 1167 1061 η’νυκέναι,

77 1069 124 1148 ὥς
140 1071 198 1138 ούκ
210 1063 251 1138 ἀν
263 1071 461 1149 ἀπειπόντος
475 1075 531 1140 τού
546 1071 622 1138 einai
637 1069 696 1156 δ,τι
707 1066 748 1140 ἀν
763 1079 801 1164 τῇ
813 1078 912 1162 μητρί
925 1077 1030 1159 δοκοίη
1044 1078 1098 1142 καί
1111 1080 1169 1140 λυ·
1279 1084 1281 1094 ’

77 1173 199 1246 osselle
220 1167 302 1253 δμού
324 1173 380 1238 καί
407 1173 546 1238 δίκαιον.
590 1172 634 1251 ὥς
653 1175 689 1240 δέ
714 1177 770 1240 καί
787 1181 862 1262 παρ’
880 1172 997 1259 ἐκείνης
1019 1175 1075 1258 τῆς
1097 1171 1167 1259 ἴσης

76 1267 190 1354 ἔτυχεν
211 1269 381 1354 ἀπολογίας
401 1265 496 1356 dxci
513 1266 764 1360 αύοτηροιέρας,
798 1271 842 1359 μὴ
867 1277 1000 1340 τοιαῦτα
1022 1272 1168 1338 κελευού-

40 1390 138 1453 ιοσης
154 1369 388 1452 συμβουλεύειν,
408 1365 432 1436 ἀ
445 1367 490 1455 μή
502 1373 660 1458 συμφέρει
675 1371 820 1460 πράττειν
835 1369 891 1438 τὸν
905 1371 985 1453 υἱὸν,
1008 1373 1167 1448 παντελῶς

75 1467 233 1550 ἀπέσχετο
244 1471 300 1552 τῆς
312 1471 440 1554 πείρας.
469 1467 599 1554 ύμέγας
615 1473 650 1536 δέ
669 1472 848 1554 δομέοτικος
863 1469 946 1558 δρῶν
958 1463 1017 1556 ἤδη
1035 1471 1169 1553 βασιλέα

70 1567 112 1645 ,ἐν
126 1568 195 1654 χρῷ
210 1563 357 1632 κινδύνου
371 1570 565 1652 καθεστῶτα,
580 1569 635 1636 καὶ
646 1568 781 1636 ουνιδιδν
796 1569 840 1647 ιδς
852 1569 993 1652 μάλιστα
1010 1571 1196 1654 προσῆκονυ

74 1667 143 1730 acie
155 1668 310 1747 βασιλέως
323 1667 444 1732 untur
458 1667 609 1754 πρόνοιαν
620 1667 817 1755 ποιήσασθαι
829 1671 884 1736 καί
892 1672 949 1756 τῆς
964 1669 1076 1754 ἀρχῆς,
1087 1661 1169 1736 Ἀν-

73 1787 113 1850 νη
128 1763 169 1850 τῇ
177 1764 320 1848 βασιλίδι
331 1765 515 1851 προσελθών
529 1767 691 1858 θρηνούοη
707 1771 762 1834 καί
780 1766 968 1857 ὀδυρομένη,
980 1765 1021 1850 „i
1037 1769 1097 1849 μέν
1106 1791 1168 1832 πα-

33 1860 166 1948 ιὸροδν”
182 1858 249 1929 elne
269 1862 401 1950 „auspic
424 1865 462 1931 ού
480 1859 622 1945 Ιπένθους
639 1869 715 1935 ου’δὲ
736 1867 881 1954 δακρύων
901 1861 981 1934 εἶναι
995 1889 1052 1950 μοι
1073 1869 1169 1932 δοκεῖ.
1221 1897 1225 1904 ·

71 1956 208 2048 ύστερον
219 1959 280 2054 γὰρ
293 1963 371 2049 ἡμῖν
383 1966 517 2051 έξέοται,
531 1969 561 2034 εἰ
570 1964 616 2054 μη
634 1965 711 2047 θεὸς
729 1967 901 2050 ἀπαλλάξει
915 1969 971 2053 τῆς
987 1966 1169 2053 προσδοκω-

72 2063 176 2146 μένης
203 2066 372 2152 συμφοραῖς
412 2067 506 2134 naun
538 2063 615 2153 ἡμῖν
633 2059 757 2135 ἀνωθεν
789 2065 986 2151 ἐπιβλέψας,
1018 2064 1169 2150 ἀδυρμούν

70 2159 135 2224 καί
154 2159 300 2247 δακρύων
319 2161 581 2247 ἀναπίμπλασθαι
608 2163 689 2232 κατὰ
725 2167 853 2251 σχολήν·
897 2162 933 2232 τύ
956 2167 992 2232 tt
1012 2165 1071 2232 νύν
1095 2161 1169 2246 ἔχον

69 2251 166 2323 εἶναί
181 2280 239 2342 μοι
254 2262 345 2326 δοκεῖ
359 2257 705 2352 πραοῆκονάοφάλειαν
725 2261 922 2351 ποιήσασθαι
932 2267 995 2331 τάν
1014 2263 1169 2348 βασιλέως

25 2357 213 2430 αοπαίδοιν.
254 2358 394 2444 μάλιστα
417 2363 478 2446 μέν
510 2361 570 2450 γὰρ
601 2359 716 2431 ούδένα
740 2365 907 2448 Ῥωμαίων
932 2358 1169 2448 ἐπιβουλεύσειν

71 2454 207 2523 οἴεσθαι
244 2457 341 2545 ἡμῖν,
368 2463 507 2543 μάλιστα
542 2465 654 2544 ζῶντος
683 2467 766 2547 siunai
792 2467 849 2530 καί
874 2459 1026 2550 παρόντος
1052 2457 1169 2527 ένθύδε

68 2557 147 2624 νύν·
186 2559 218 2624 εί
247 2559 277 2622 δ’
304 2549 369 2646 ἀρα
389 2562 445 2626 καί
463 2565 602 2628 τοιούτον
622 2561 763 2650 συμβαίη
783 2585 836 2644 τι,
863 2564 987 2646 βέλτιον
1015 2555 1091 2643 περί
1107 2556 1170 2620 σού

67 2652 180 2742 μόνην
197 2649 283 2722 εἶναι’
297 2681 354 2739 μοι
369 2655 426 2744 την
441 2661 593 2746 φροντίδα
599 2709 611 2744 ,
630 2663 687 2728 καί
711 2659 758 2748 μη
779 2659 904 2727 πάντυν
920 2655 1001 2742 ὃμού
1021 2653 1076 2721 καί
1093 2655 1268 2744 ποί-ΡΜ

153 2825 194 2878 ¹9·
212 2812 350 2878 βασιλέοιν
366 2813 518 2886 legebatur.

69 2952 116 3005 te,
140 2939 238 3003 cessa,
256 2937 362 3010 inquit:
383 2939 433 3010 qni
449 2941 523 2992 enim
541 2939 630 2994 amice
649 2945 757 2992 mortno
778 2935 851 3008 leges
876 2931 1012 2986 amicitiae
1032 2945 1089 2982 noa
1106 2943 1167 2980 ser-

66 3023 140 3076 vat,
161 3009 208 3064 bic
237 3024 289 3062 nec
308 3009 368 3062 viso
385 3025 448 3062 vere
468 3012 570 3064 amiens
586 3017 652 3064 erat.
689 3011 736 3063 stc
754 3007 932 3080 Apocaucbus
958 3003 1088 3073 gravitate
1122 3015 1167 3051 re-

64 3083 173 3154 sponsi
191 3080 351 3144 deterritus,
362 3096 458 3151 magno
477 3081 627 3143 domestico
645 3081 775 3134 molestus
789 3094 846 3132 esse
863 3075 954 3128 desiit
989 3071 1044 3156 Sed
1054 3077 1167 3122 matrem

64 3157 139 3210 eins
159 3153 338 3212 conveniens,
351 3150 423 3204 idean
443 3152 486 3204 illi
500 3151 663 3222 persuadere
684 3147 843 3210 nitebatur,
860 3153 949 3208 ratus,
974 3143 998 3196 si
1021 3139 1051 3195 sd
1069 3155 1166 3222 conse·
1209 3155 1211 3158 ·

65 3229 227 3297 queretur,
245 3219 321 3290 quod
340 3221 489 3274 studuisset
514 3221 666 3292 perlectum
694 3219 864 3274 habitururn:
893 3231 949 3269 non
976 3213 1049 3266 enim
1079 3211 1166 3294 lilium

63 3292 163 3350 matri
197 3289 446 3356 contradicturum,
464 3293 488 3346 si
508 3291 575 3364 quid
595 3293 644 3344 illa
665 3299 696 3344 ut
715 3291 783 3343 utile
808 3295 837 3340 et
859 3288 960 3340 iustum
988 3283 1164 3350 probavisset.

62 3367 227 3432 Postquam
243 3359 277 3412 ab
295 3361 344 3412 illa
354 3363 443 3414 simile
463 3364 600 3416 veletiam
617 3363 736 3415 severius
761 3373 919 3430 responsum
934 3353 1018 3417 tulit,
1050 3351 1164 3434 iubente

62 3453 109 3489 ne
133 3432 201 3486 talia
218 3429 364 3497 suaderet,
402 3449 453 3484 uae
470 3433 561 3486 iacere
593 3433 651 3486 filio
683 3449 740 3483 aon
764 3427 940 3490 conduceret,
965 3443 981 3476 a
1009 3430 1165 3476 tentatione

63 3519 193 3580 prorsus
210 3501 350 3555 abstinuit.
415 3519 497 3573 agnus
516 3519 596 3572 porro
614 3503 777 3556 domesticus
800 3500 990 3568 imperatorem
1012 3495 1067 3576 iam
1089 3488 1164 3574 letbo

63 3573 238 3650 proximum
256 3587 368 3624 cernens
390 3581 419 3625 et
440 3573 639 3644 providendum
660 3575 777 3624 maxime
793 3571 852 3621 eins
869 3567 965 3620 liberis
992 3573 1021 3619 et
1046 3581 1083 3616 aas
1105 3576 1164 3612 erro

63 3643 260 3713 intelligens,
277 3641 312 3693 ad
328 3643 434 3695 Annam
446 3645 590 3713 Augustam
612 3643 723 3696 dentem
740 3659 772 3694 ac
795 3639 989 3692 lamentantem
1016 3581 1163 3693 accedens,

60 3717 145 3772 Nom
160 3711 396 3765 mihiiamluctus
418 3721 446 3766 et
462 3715 632 3768 lacrimarum
651 3720 756 3782 tempor
783 3709 907 3772 videtur,
938 3707 1045 3779 inquit:
1075 3701 1165 3755 adhuc

61 3787 157 3841 enim
171 3781 283 3846 licebit,
301 3783 355 3836 nisi
372 3785 445 3836 Deus
461 3785 495 3836 ab
507 3784 683 3852 impendente
694 3783 846 3834 calamitate
858 3797 906 3831 nos
923 3778 1024 3830 liberet
1042 3791 1074 3826 ac
1100 3788 1166 3841 pro-

62 3857 168 3926 pitius
189 3851 224 3906 cle
242 3854 316 3906 caelo
330 3854 472 3922 respiciat,
491 3855 640 3908 eiulatibus
655 3861 683 3905 et
696 3852 848 3922 ploratibus
864 3847 930 3902 satis
948 3847 996 3899 diu
1016 3842 1166 3908 indulgere.

61 3929 105 3979 ln
125 3939 255 3994 praesens
275 3940 392 3994 aequum
425 3923 536 3988 iudico,
561 3941 661 3996 pueros
683 3924 860 3993 imperatores
889 3921 919 3972 ia
943 3923 1004 3970 tuto
1025 3913 1166 3992 collocares.

57 3997 122 4050 Me
145 3994 255 4064 quidem
274 3995 335 4046 vivo
357 4001 385 4044 et
399 3993 443 4047 bie
465 4013 537 4048 nnnc
553 4001 714 4066 praesente,
733 3993 869 4044 neminem
889 3991 1067 4044 Romanorum
1087 3979 1168 4062 nobis

59 4063 274 4119 insidiaturum
292 4061 443 4134 putandum
458 4074 504 4118 est.
543 4067 591 4118 Sin
609 4065 717 4136 aliquid
741 4061 897 4115 huiusmodi
918 4055 1082 4124 contigerit,
1101 4047 1169 4120 quad

58 4134 294 4208 praestabilius,
312 4141 339 4186 te
355 4135 440 4187 solans
455 4135 523 4188 mibi
534 4128 613 4189 culae
631 4151 706 4200 esse,
726 4151 761 4186 an
780 4135 870 4185 omnia
883 4127 979 4190 simul,
997 4133 1041 4189 te,
1053 4125 1168 4194 inquam

59 4215 100 4261 et
122 4203 201 4258 filios
219 4213 248 4259 ct
267 4205 418 4276 imperium.
454 4207 525 4260 'lum
549 4206 684 4278 Angrssta,
728 4203 782 4258 sibi
805 4202 903 4256 mirum
921 4195 1064 4260 accidere,
1095 4183 1172 4263 quod
