2986 4862
294 283 381 370 366
691 301 969 373 usmtcmms

147 465 405 551 Δ.ῦ.ι3ι9ἢδονῆς
426 459 463 528 εδ
475 461 558 548 δπλρ
577 453 678 526 αδτοῦ
696 457 906 543 ἅνθελόμενος
921 459 1102 541 ἀποθανεῖν,
1121 453 1159 521 τί
1173 452 1371 536 θαομασσδν,
1468 531 1469 540 ¹

292 568 324 631 εἰ
343 563 399 628 καί
416 566 579 646 βασιλείας
598 563 761 645 μεταδοίη,
781 553 802 646 ἢ
823 557 855 624 εἴ
871 581 957 637 τινος
977 557 1033 622 καί
1050 556 1160 621 soricen
1181 559 1371 635 θαυμαστα-

291 665 405 748 τέροος
425 664 479 746 τῆς
500 662 535 724 δὲ
556 657 736 748 εὐεργεσίαις
756 661 846 726 ἕνεκα
867 659 1003 742 ταυτησί
1021 654 1136 730 πολλαὶς
1155 656 1216 736 μὲν
1236 645 1373 740 ὄφειλειν

293 760 428 846 χάριτας
449 756 627 843 δμολογεῖν,
657 759 713 823 καί
739 755 843 842 λόγοις
861 779 896 822 τε
917 755 1058 820 καθόσον
1078 748 1195 820 οἷόν-ιε
1215 747 1274 836 τήν
1293 745 1372 834 ὑπὲρ
1469 811 1470 814 ,

264 859 393 945 οαιίτῆς
410 847 508 946 χ’δριν
527 855 700 945 δφοσιοδν,
729 853 832 944 ἔργοις
850 879 895 923 τε·
909 856 1100 940 ἀμείβεσθαι
1118 861 1181 929 τοῖς
1200 847 1298 932 ἴσοις,
1318 846 1394 933 τῆνό

292 957 406 1043 ὁμοίαν
433 961 489 1024 καί
508 955 602 1023 aurbs
622 957 657 1022 έκ
676 961 731 1042 τῆς
751 956 884 1044 καρδίαις
912 955 999 1044 αὐτῷ
1018 949 1214 1040 προσάγοντα
1241 947 1297 1014 καί
1323 973 1376 1034 φι-

293 1063 366 1128 λίαν
386 1056 441 1124 καί
459 1053 602 1142 στοργήν.
621 1051 639 1120 δ
661 1059 696 1122 δὲ
718 1051 805 1145 αδτῷ
826 1055 1010 1143 προστάττει
1029 1058 1086 1121 νῦν
1105 1051 1260 1134 δέχεσθαί
1276 1073 1310 1114 τε
1325 1043 1379 1112 καί

200 1227 204 1240 ,
295 1158 340 1234 οδς
360 1159 575 1238 τετελεσμένον
595 1153 733 1238 νομίζειν
753 1147 823 1241 ἤδη.
845 1151 958 1240 τὸγὰρ
981 1155 1026 1230 είς
1046 1148 1146 1218 αδτδν
1165 1143 1259 1236 ἧκον,
1287 1148 1378 1212 οὐδὲν

296 1257 449 1322 ἐλλείπειν
468 1256 527 1320 τοῦ
544 1257 740 1341 πεπρᾶχθαι,
760 1251 840 1344 ἔργῳ
863 1256 898 1320 δὲ
912 1260 1012 1318 τελεῖν
1024 1252 1101 1338 μήτε
1116 1247 1283 1329 δύνασθαι,
1303 1246 1379 1331 μήτε

298 1351 379 1419 κατὰ
400 1351 527 1438 γνώμην
556 1348 641 1440 αὐτῷ
667 1347 750 1420 εἶναι
777 1352 857 1438 μήτε
887 1357 963 1418 καθ’
980 1349 1105 1437 ἡδονήν.
1145 1345 1195 1413 διδ
1226 1343 1325 1412 αὐτόν
1348 1367 1412 1410 reto
1471 1359 1472 1364 ’

298 1454 461 1520 παύεσθαι
486 1441 619 1518 πείθειν
636 1453 857 1538 ἐπιχειροῦντα
886 1453 960 1537 περὶ
988 1450 1103 1515 τούτου
1129 1446 1186 1513 καί
1215 1446 1302 1534 αὐτῷ
1323 1471 1382 1509 πα-

300 1555 497 1641 ραιτουμένῳ
519 1547 752 1636 συγγινώσκειν.
791 1547 950 1628 Βασιλεδς
970 1551 1006 1616 δὲ
1035 1541 1095 1631 οὐχ
1123 1543 1222 1622 οὕτως
1250 1541 1383 1632 ἔφασκεν

299 1645 545 1738 ἀπροφασίστως
564 1654 790 1737 παραιτεῖσθαι
808 1651 944 1734 χρῆναι,
975 1641 1057 1714 itt&
1083 1647 1141 1724 τὰς
1169 1644 1275 1722 αἰτίας
1295 1641 1384 1708 διδά-

299 1753 399 1828 ξαντα
428 1753 549 1837 προῖτον
578 1748 633 1814 καί
662 1745 719 1834 τὴν
749 1746 878 1828 ἀξίωσιν
914 1745 1065 1814 πείσαντα
1108 1745 1153 1822 οἷς
1193 1740 1383 1833 παράλογον,
1473 1806 1474 1860 ρ

271 1845 407 1926 Βοθιας
437 1841 499 1935 ἤδη
539 1845 734 1914 ἀπολύεσθαι
771 1847 886 1924 αι’τίας·
935 1845 1010 1933 πρίν
1039 1845 1202 1912 δὲταῦτα
1228 1851 1328 1926 ποιεῖν
1348 1839 1414 1906 οδι5
1473 1875 1474 1902 r

298 1945 447 2028 σονετδν,
481 1947 551 2010 οὐδ’
581 1939 661 2031 ἄγαν
688 1950 856 2034 φιλοῦντος
889 1941 989 2022 οδτως
1017 1947 1051 2022 ἐξ
1091 1944 1242 2028 οὐδεμιᾶς
1282 1942 1383 2013 αἰτίας

299 2045 524 2129 ἰσχυρίζεσθαι
547 2043 584 2110 sti
607 2043 661 2131 μὴ,
682 2049 853 2132 πεισθῆναι
886 2037 927 2112 ἄν
959 2067 1053 2111 ποτε.
1093 2047 1194 2110 καίτοι
1218 2065 1255 2129 γε
1279 2043 1311 2108 εἰ
1340 2035 1381 2122 μή
1474 2112 1475 2158 ρ

266 2185 271 2214 ι
300 2167 335 2208 τι
354 2136 449 2226 ἄλλο,
482 2141 518 2210 τδ
536 2147 612 2229 γοῦν
635 2143 689 2210 des*
710 2147 976 2228 διαβεβαιοῦσθαι
993 2145 1093 2230 μηδὲν
1117 2138 1198 2208 εἶναι
1221 2144 1299 2226 μήτε
1318 2146 1384 2222 μεῖ-
1474 2179 1475 2188 ¹

199 2261 231 2318 v.
244 2264 289 2320 ιει
304 2245 358 2328 ζον
385 2239 467 2329 μήτε
493 2241 620 2310 ἔλαττον
651 2239 681 2328 δ,
709 2243 902 2330 θελήσαντος
929 2245 1066 2326 ἐκείνου,
1096 2241 1141 2328 μὴ
1160 2237 1200 2308 δν
1218 2243 1264 2316 είς
1289 2242 1383 2324 πέρας

304 2337 452 2428 ἀγαγεῖν,
482 2341 581 2409 αὐτὸν
599 2336 686 2422 ἄξιον
711 2345 957 2428 καταναγκάζειν
981 2341 1150 2408 πείθεσθαι
1169 2340 1264 2430 αὐτῷ.
1306 2340 1336 2406 εἰ
1352 2341 1416 2403 δὀο
1475 2418 1476 2436 ρ

305 2442 367 2525 οὐχ
389 2437 489 2519 οὕτως
505 2439 609 2526 ἔχεις,
637 2443 759 2508 δίκαιον
780 2441 956 2525 διδάσκειν,
978 2441 1022 2520 oie
1040 2437 1080 2507 δν
1102 2440 1219 2528 εἰδείην
1238 2437 1292 2505 τὸν
1314 2435 1384 2524 πρέ·

303 2563 395 2628 τερον
413 2541 606 2627 η’πατημένος
622 2537 749 2628 χρόνον.
793 2535 904 2618 Οὕτως
928 2539 1065 2628 ἔφασκεν
1087 2539 1104 2606 ὃ
1124 2544 1224 2624 μέγας
1246 2541 1385 2622 δομέοτι-

305 2663 357 2717 νιος
372 2637 475 2725 ἔχειν,
503 2641 559 2708 καί
574 2635 628 2708 ιἰεί
640 2664 674 2708 τε
694 2642 951 2730 διϊσχοριζεσθαι
976 2640 1077 2708 πάντα
1096 2639 1385 2730 expavescebas,

305 2871 516 2943 stupesceudum
544 2887 610 2926 esse.
661 2870 718 2942 Qui
751 2872 824 2924 euim
854 2870 965 2924 citerius
992 2871 1076 2924 sitem
1106 2885 1171 2922 suse
1200 2867 1332 2921 antetulit
1361 2869 1387 2917 et

304 2961 355 3014 pro
379 2942 476 2996 eodem
506 2959 611 2996 summa
637 2959 698 2994 cum
727 2943 866 3012 volssptste
892 2943 976 2996 emori
1005 2942 1102 3008 etegit,
1136 2939 1204 3010 quid
1228 2942 1341 2998 mirum.
1366 2937 1388 2988 si

305 3031 367 3067 cum
385 3011 438 3066 boc
455 3015 615 3082 imperium,
641 3022 689 3066 sut
712 3015 735 3066 si
759 3013 825 3085 quid
844 3014 958 3082 imperio
976 3011 1157 3080 praestantius
1182 3019 1240 3074 est,
1267 3003 1388 3062 divisisti

304 3084 348 3138 De
372 3081 425 3134 bac
444 3093 534 3136 sutem
552 3084 735 3136 beneficentia
753 3085 869 3136 multum
896 3099 925 3136 se
950 3083 993 3134 itti
1018 3081 1136 3144 debere,
1163 3079 1256 3152 idque
1277 3081 1390 3150 ingenue

305 3155 448 3217 confiteri,
466 3161 495 3206 et
511 3154 601 3206 verbis
622 3171 703 3225 quom
721 3153 924 3224 religiosissime
940 3155 1028 3222 possit
1045 3153 1142 3222 gratim
1162 3169 1259 3222 ogere:
1287 3167 1317 3202 re
1335 3153 1390 3220 ipss

303 3223 420 3286 referre,
443 3240 504 3274 cum
521 3223 612 3274 animo
633 3223 747 3276 eandem
766 3225 808 3276 itii
828 3223 1037 3276 benevolentiae
1054 3224 1208 3293 amorisque
1224 3219 1390 3291 magnitudi-

303 3307 368 3344 nem
386 3294 551 3345 remetictur.
592 3293 676 3362 Quod
692 3309 755 3346 vero
775 3311 848 3346 nunc
865 3293 921 3346 sibi
940 3295 1082 3364 imponet,
1105 3291 1134 3344 id
1154 3311 1183 3345 se
1200 3291 1347 3345 admittere
1365 3297 1392 3342 et

303 3377 354 3430 pro
372 3361 495 3414 coniecto
520 3361 633 3426 ducere,
657 3364 669 3435 (
679 3362 754 3434 quod
770 3366 843 3416 enim
863 3365 897 3417 οδ
916 3381 944 3418 se
959 3365 1087 3426 attineat,
1115 3363 1187 3415 nihii
1205 3362 1321 3426 deesse,
1339 3376 1390 3432 quo

303 3432 394 3484 minus
412 3433 564 3484 coniectum
585 3433 646 3504 sit,)
665 3451 693 3486 re
711 3443 801 3486 tumen
819 3438 935 3507 nequire
954 3437 1096 3506 perficere:
1115 3451 1205 3506 neque
1225 3434 1392 3494 allubescens

304 3501 376 3566 sibi,
402 3519 492 3586 neque
520 3505 604 3556 ullam
631 3503 831 3558 iucunditatem
857 3523 959 3576 parere.
1011 3505 1193 3576 Quamobrem
1217 3506 1324 3572 coeptis
1348 3503 1393 3554 de·

305 3573 386 3626 sistat
402 3572 511 3644 sibique
528 3577 664 3628 recusanti
682 3577 811 3646 ignoscet.
852 3577 924 3630 Turn
946 3579 1107 3647 imperator,
1132 3575 1194 3628 Non
1218 3577 1257 3628 ito
1274 3573 1393 3644 praecise

305 3643 438 3713 nulloque
462 3653 604 3712 praetextu
629 3647 824 3700 recusandum:
853 3665 946 3700 verum
972 3665 1062 3700 causes
1090 3645 1239 3718 efferendus
1268 3653 1297 3697 et
1322 3637 1394 3714 quod

305 3713 461 3786 postuletur
490 3731 551 3766 cum
582 3717 686 3770 ratione
709 3735 765 3770 non
791 3733 939 3788 congruere
965 3715 1220 3785 demonstrpndum,
1245 3723 1329 3788 etque
1357 3715 1393 3763 iu

307 3783 416 3838 demum
434 3785 541 3854 cuipam
558 3785 592 3838 ub
612 3803 640 3839 se
659 3786 851 3840 amovendam:
875 3789 978 3860 alioqui
998 3786 1224 3857 respondentis,
1246 3803 1299 3838 nec
1315 3782 1391 3836 sstde

305 3856 422 3908 umentis
442 3873 516 3916 esse,
541 3872 693 3910 asseverare
715 3858 889 3928 simpliciter,
915 3875 1054 3929 nunquam
1084 3855 1140 3910 sibi
1168 3873 1327 3926 persuasum
1351 3853 1392 3906 iri.

305 3925 345 3980 Ac
363 3926 386 3976 si
404 3943 460 3978 non
478 3923 569 3989 aliud,
586 3925 638 3980 hoc
655 3945 740 3980 unum
758 3937 847 3992 certe,
866 3928 941 3999 quod
959 3947 1065 3997 semper
1084 3945 1150 3998 pree
1168 3945 1197 3980 se
1215 3928 1302 3989 seret,
1324 3921 1393 3978 nihil

306 4010 366 4048 esse
384 4002 564 4066 campanum
582 4004 630 4048 out
647 4015 782 4068 magnum,
800 3998 875 4069 quod
894 4015 927 4052 eo
944 4001 1056 4054 volente
1072 4015 1130 4052 non
1141 3999 1179 4052 sit
1189 3999 1320 4058 secturus,
1336 3997 1392 4046 ture

306 4063 342 4118 ad
359 4063 461 4128 dandus
478 4083 573 4118 msnus
591 4084 669 4136 posse
693 4069 865 4138 compellere.
906 4069 936 4122 st
958 4071 1039 4124 sliter
1056 4071 1107 4134 sit,
1130 4087 1180 4140 psr
1197 4085 1275 4132 esse,
1298 4074 1330 4122 ut
1344 4063 1390 4114 de·

305 4144 455 4200 monstret,
484 4153 539 4208 quo
565 4155 593 4190 se
610 4135 742 4200 hactonus
760 4137 832 4192 dolis
858 4139 999 4196 ductetum
1025 4141 1109 4196 fuisse
1133 4141 1281 4210 intelligat.
1325 4135 1390 4188 'l‘mn

306 4221 419 4279 maguus
442 4205 622 4274 domesticus,
644 4207 707 4264 Non
724 4208 805 4266 eliter
821 4225 895 4278 esse,
924 4219 954 4268 ct
966 4229 1073 4288 semper
1090 4228 1149 4292 seso
1166 4209 1293 4268 sfirmsre
1310 4207 1391 4264 saeu-
