2918 4846
462 325 886 412 ursnomsnunuus.
1142 320 1216 424 541

129 495 303 582 περιτυχών
334 493 502 580 ἐκράτησεν
533 489 723 578 αάτάνόρων
751 491 807 558 καί
830 489 923 560 πόλιν
952 486 1150 564 ἀπέπλευσεν
1168 502 1283 578 eleae.
1297 514 1363 584 itio

89 648 92 656 .
117 596 310 674 Βυζάντιον.
344 591 523 676 πυθόμενος
545 596 580 659 δὲ
601 591 618 660 ὃ
637 590 788 676 βασιλεὺς
810 584 870 659 ὅσα
891 585 981 682 cedetis⁴
1000 595 1076 682 περὶ
1093 595 1133 662 τό
1150 602 1213 680 βα·

126 690 230 762 σιλυιά
249 694 420 779 γράμματα
439 689 689 780 κακουργηθείη,
710 692 766 758 καί
782 687 826 770 ἀς
855 691 968 776 λόγους
994 695 1135 782 διαδοίη,
1166 700 1211 782 μη

125 793 299 877 βασιλέως,
329 791 398 856 ἀλλ’
416 796 451 859 έκ
470 795 533 859 τοῖν
552 790 642 858 ι’όίσον
662 786 743 858 εἶναι
762 790 818 878 τὴν
839 790 979 878 όαπάνην
998 796 1062 858 τῶν
1081 794 1241 881 τριήροιν,
1254 815 1308 878 323

104 918 180 984 5ου,
198 891 277 982 ἀργῇ
295 917 329 958 τε
346 894 476 980 ἐφέρετο
496 889 575 979 πρὸς
594 889 691 958 αὐτόν
710 891 767 958 καί
784 889 864 979 πρός
882 889 935 958 τὸν
949 891 1049 977 μέγαν
1066 895 1212 977 doniors-

124 1017 189 1078 κον,
209 992 254 1070 ὥς
273 987 355 1079 ἀπὲρ
376 995 495 1058 ἐκεινου
516 989 689 1079 πράττοντα
709 1015 747 1058 oe
1042 987 1094 1059 oia
1118 989 1216 1061 Ἀπό-

123 1115 245 1178 καυχος
264 1087 407 1179 τυρεάεις
440 1089 501 1176 tyni
524 1093 560 1158 dd
579 1091 682 1156 καίτοι
700 1091 849 1170 πολλάκις
869 1089 1022 1178 ὁρμηθείς
1042 1090 1083 1156 sd
1105 1093 1215 1160 δέοντα
1310 1093 1328 1134 ⁸,

118 1200 242 1274 ποιεῖν,
261 1194 321 1258 σοῦ
340 1193 532 1273 κυλίοντος,
553 1188 746 1277 ἀπεσχόμην.
787 1193 859 1258 νυνί
881 1194 917 1258 δέ
936 1217 992 1274 μοι
1012 1193 1094 1257 δοκῶ
1113 1195 1215 1278 μηδὲν

121 1289 272 1377 έμποόάν
300 1288 432 1358 ἔσεσθαι
451 1287 476 1356 ἀ
494 1289 590 1367 αὐτὸς
610 1287 719 1374 οἴομαι
748 1297 920 1359 λυσιτελεῖν
946 1295 1079 1360 ποιεῖν.”
1121 1297 1214 1377 βασι-

84 1389 198 1469 misire
223 1393 284 1473 μὲν
304 1383 364 1457 σόν
384 1393 516 1457 τοιαῦτα
536 1385 622 1456 εἶπεν
642 1387 853 1476 ὀργιζόμενος.
895 1389 912 1458 ό
934 1393 965 1456 d’
986 1389 1091 1481 ἐαυτῷ
1111 1415 1216 1458 συνει-

121 1487 187 1567 otte
204 1487 344 1572 μάλιστα
358 1489 449 1580 αἰτίῳ
469 1493 534 1556 τοῖν
549 1488 713 1577 παρόντων
731 1481 807 1573 ὄντι,
831 1487 945 1578 (odnie
960 1488 1021 1578 γάρ
1037 1493 1214 1579 παρέσχετο

117 1586 310 1678 Ἀποκαόχρ
328 1587 385 1674 τήν
404 1583 518 1676 ἀρχὴν,
539 1590 695 1690 βασιλέως
709 1587 944 1678 ἀντιλέγοντος)
966 1592 1071 1677 σιωπῇ
1090 1591 1214 1674 παρῆλ-

119 1693 163 1756 θε
183 1691 284 1774 μηδὲν
304 1688 497 1776 ἀποκριθεις.
525 1687 674 1772 βασιλεός
695 1690 730 1753 δέ
748 1680 826 1775 ἀχρι
844 1681 922 1775 ἦρος
942 1689 1120 1775 ἀρχομένου
1141 1689 1282 1757 δια-Δί).
1295 1699 1355 1770 ι34ι

120 1785 244 1876 τρίψας
263 1790 299 1853 έν
321 1789 551 1874 Θεοσαλονάιη,
584 1781 667 1874 ἀρας
698 1789 818 1852 ἐκεῖθεν
837 1781 936 1874 ἦλθεν
956 1789 1001 1865 είς
1020 1785 1238 1871 ΔιδυμότεαΒ

76 1880 182 1972 ἰὄχον
203 1887 258 1952 καί
275 1887 358 1969 μετὰ
377 1883 493 1972 μικρόν
519 1890 637 1971 ἐγένετο
667 1889 703 1953 έν
722 1889 906 1976 Βυζαντίῳ.
948 1889 1157 1974 ἕνάιατριψας
1178 1891 1215 1954 dd

119 1981 181 2050 καί
198 1985 386 2064 Βυζαντίοις
406 1983 523 2073 χρόνον
542 1983 613 2050 τινά
635 1979 711 2069 οὐχί
740 1982 875 2080 συχνόνἶ
905 1982 1032 2068 ἔμελλεν
1053 1978 1150 2062 αὖθις
1169 1987 1215 2062 εἷς

123 2078 256 2171 Θρᾴκην
282 2083 418 2160 ἐξελθών
445 2083 537 2151 πόλιν
566 2082 707 2152 παλαιόν
734 2087 1009 2168 κατεσκαμμένην,
1044 2076 1082 2168 ἧς
1116 2109 1215 2171 φασιν

114 2171 299 2265 ’Λρκάόιον
318 2175 399 2248 εἶναι
420 2180 557 2268 οἰκιστὴν
576 2180 633 2248 τόν
656 2181 828 2250 eruamus
849 2183 909 2247 τοῦ
927 2183 1066 2265 μεγάλου
1076 2233 1087 2266 ,
1123 2185 1157 2259 έξ
1176 2174 1216 2248 οὗ

117 2277 179 2346 κατ’
198 2277 257 2365 την
276 2284 489 2368 προσηγορίαν
508 2281 632 2365 ἔλαχεν,
651 2282 820 2366 Ἀρκαδίου
844 2281 1139 2369 προσαγορευομένη
1158 2277 1216 2346 πό-
1320 2339 1323 2346 .

73 2383 189 2462 αυλις,
211 2370 309 2455 αὖθις
326 2379 560 2464 ἀνοικοδομεῖν,
582 2377 668 2446 ἔστιν
690 2369 728 2445 οὗ
748 2378 804 2446 καί
822 2371 901 2468 ἀχρι
921 2383 978 2445 νόν
998 2381 1212 2467 περισωζομέ-

116 2504 187 2550 vaur
202 2483 266 2544 τοῖν
282 2482 415 2564 τειχσῖν,
445 2472 597 2564 ἀγασθείς
616 2481 675 2550 τοῦ
694 2477 793 2546 τόπου
814 2477 871 2566 τὴν
891 2481 1051 2567 edonias.
1092 2473 1135 2566 ἤν
1154 2467 1214 2565 γὰρ

116 2580 181 2646 καί
198 2574 274 2664 περί
291 2576 350 2654 τάς
362 2580 539 2662 οἰκοδομὰς
559 2579 724 2666 φιλότιμος
744 2579 762 2644 ὁ
778 2575 940 2662 βασιλεὺς,
962 2577 1000 2640 od
1016 2575 1112 2659 μόνον
1128 2577 1219 2664 χρεί-

117 2704 162 2758 ας
185 2679 294 2760 ἓνεκα,
328 2671 409 2742 ἀλλά
431 2676 488 2743 καί
505 2680 713 2762 ψυχαγωγίας
737 2669 783 2744 σόν
804 2679 927 2760 ἕτοιμος
948 2675 1104 2742 ἀναλοῦν.
1145 2681 1221 2764 περὶ

194 2832 222 2886 3.
242 2827 333 2901 λόγου
352 2830 503 2902 legebatur·

114 2967 240 3039 potitus,
259 2967 418 3034 Byzantium
436 2967 542 3038 relegit.
576 2969 735 3040 Imperator,
754 2975 786 3020 ut
801 2967 860 3019 eius
879 2967 909 3020 in
927 2964 1026 3021 litteris
1045 2965 1219 3038 supprimen-

115 3039 164 3092 dis
185 3037 345 3107 nequitiam,
373 3047 402 3090 et
421 3037 560 3108 quomodo
578 3040 608 3091 in
629 3039 737 3109 vulgum
754 3055 834 3090 uoces
853 3041 1080 3106 sparsisset,non
1100 3039 1220 3108 impera·

113 3109 208 3172 toris,
224 3105 273 3159 sed
291 3125 366 3159 suam
389 3125 448 3160 osse
471 3109 630 3178 pecuniam,
655 3127 725 3180 quae
749 3109 778 3160 in
797 3109 919 3161 triremes
938 3107 1157 3178 impenderetur,
1177 3125 1222 3160 re·

113 3179 222 3241 seivit,
239 3179 269 3230 in
286 3177 424 3231 homiuem
444 3179 656 3242 excandescens,
675 3197 717 3230 ma
737 3195 802 3231 num
821 3179 1009 3242 domesticum,
1029 3187 1060 3230 ut
1078 3179 1137 3232 eius
1157 3195 1222 3249 per-

20 3267 22 3272 ’
114 3257 239 3322 potuum
264 3248 412 3314 fautorem,
437 3249 480 3302 his
499 3249 589 3304 verbis
617 3198 781 3320 eompeidat:
818 3249 923 3303 Sentin’
948 3249 1016 3321 quid
1041 3249 1221 3320 Apocauehus

113 3317 233 3373 struat?
256 3319 311 3388 Ego
330 3335 392 3372 vero
410 3322 520 3373 tametsi
541 3321 668 3392 frequens
686 3319 760 3392 quod
780 3328 837 3373 erat
859 3337 979 3373 mearum
997 3322 1115 3390 partium
1134 3321 1221 3376 volui.

112 3389 171 3443 abs
191 3397 219 3442 te
239 3387 387 3458 impeditus
405 3391 493 3444 omisi.
517 3391 596 3443 Nune
614 3391 682 3443 mihi
703 3390 738 3442 ad
758 3407 790 3442 ea
809 3407 880 3462 quae
899 3407 914 3442 e
934 3391 1076 3460 republica
1095 3391 1154 3444 fore
1174 3392 1222 3442 iu-

113 3461 186 3514 dico
207 3458 342 3523 iacienda,
360 3460 432 3514 nihii
451 3463 503 3514 erit
525 3461 729 3530 impedimento,
759 3461 832 3514 Haeo
850 3461 899 3513 iiie
917 3463 1018 3513 irarum
1036 3462 1142 3530 plenus.
1161 3461 1223 3513 Do-

111 3529 251 3584 mesticos
271 3529 326 3580 sibi
345 3532 468 3585 conscius
487 3539 519 3584 ut
533 3533 637 3584 auctori
655 3531 738 3584 huius
756 3531 914 3602 tragoediae
932 3533 1003 3602 (ipre
1021 3547 1150 3652 nempe,
1168 3531 1223 3580 im-

136 3608 248 3653 eratoro
265 3599 397 3666 notente,
427 3601 599 3673 praefectura
617 3603 696 3674 ilium
723 3600 846 3672 auxerat)
870 3618 932 3652 eum
957 3603 1068 3654 silentio
1109 3599 1224 3653 iseessit.

111 3619 273 3739 fmperator
290 3687 320 3722 us
361 3671 427 3723 ead
445 3687 554 3724 vernam
576 3679 765 3742 tempestatem
784 3671 997 3726 Thessalonicae
1019 3679 1155 3732 moratus,
1174 3668 1222 3721 in·

113 3741 157 3794 de
178 3739 335 3808 Didymotie
356 3759 401 3792 um
437 3743 478 3796 et'
502 3742 585 3812 paulo
611 3751 673 3812 post
702 3743 861 3809 Byzantium
886 3759 915 3795 se
935 3741 1067 3803 eontulit,
1093 3741 1224 3792 obicum

111 3809 198 3863 haud
227 3809 274 3861 diu
293 3811 451 3878 mansisset;
470 3829 574 3865 rnrsum
602 3813 630 3865 in
650 3811 794 3865 Thraciam
814 3819 874 3865 erat
892 3829 1064 3880 egressurus,
1090 3817 1122 3862 nt
1149 3809 1223 3860 anti-

113 3897 206 3952 quam
223 3879 318 3932 orbem
339 3883 393 3932 iam
414 3899 546 3944 eversam,
564 3883 667 3934 alieubi
685 3885 770 3936 muris
789 3901 878 3955 usque
896 3883 980 3934 hodie
1002 3879 1091 3933 adhuc
1111 3880 1224 3949 integris

109 3951 216 4025 (euius
243 3951 388 4002 Arcadium
407 3951 558 4006 Theodosii
577 3955 665 4024 magni
691 3954 779 4006 tilium
806 3951 979 4008 conditorem
1004 3951 1111 4014 ierunt,
1135 3967 1149 4000 a
1170 3967 1225 4020 quo

111 4031 151 4076 et
171 4035 272 4074 nomen
290 4021 410 4086 invenit,
430 4022 617 4093 Arcadiopoiis
642 4021 732 4092 dicta)
750 4023 955 4086 reaedificaret,
981 4021 1036 4073 loci
1060 4029 1157 4073 natura
1179 4019 1228 4072 de·

111 4094 241 4145 lectatus
261 4089 396 4145 videlieet.
415 4094 481 4145 Erat
498 4091 637 4166 siquidem
656 4096 802 4166 imperator
820 4095 903 4147 etiam
923 4091 1146 4144 aedificationum
1162 4107 1227 4160 per-

110 4161 241 4231 cupidus
267 4171 432 4234 parutusque
458 4181 515 4216 non
532 4167 703 4220 necessitatis
721 4165 816 4230 modo,
843 4163 892 4216 sod
920 4170 948 4215 et
971 4161 1123 4234 voluptatis
1148 4177 1227 4214 eausa

113 4233 155 4286 in
175 4231 302 4287 aedidois
321 4241 444 4306 sumptus
462 4235 630 4305 inpendere.
672 4237 753 4291 Certe
770 4251 857 4309 prope
878 4231 1137 4288 Thessalonicam
1158 4231 1227 4286 iun-

318 4491 324 4522 t
