2946 4872
372 319 397 380 1.
425 315 604 382 rossam
633 317 871 384 PRAEFATIO.
1123 325 1163 388 Xi

95 490 256 554 enormes
280 497 382 552 tamen
417 495 508 572 atque
535 487 682 572 perfectos
707 488 869 550 admodum
896 509 981 552 raros
1009 491 1167 554 nominare

94 591 248 672 possumus)
269 585 366 650 nihilo
384 589 485 648 minus
501 589 534 650 in
557 589 613 650 ista
629 599 862 671 quantacunque
877 590 1095 673 interpretandi
1112 592 1167 652 de-

93 691 253 774 fatigatione
291 705 326 750 ac
362 686 518 766 molestia,
546 689 694 750 suavitate
716 687 847 771 quadam
870 691 1083 770 perfunditur,
1114 713 1165 752 er·

93 791 241 875 pletruqne
259 791 397 868 animus,
425 809 495 850 curn
519 788 575 850 sibi
599 791 631 850 in
657 790 725 850 sinu
748 787 973 872 quodammodo
995 793 1076 852 nasci
1097 791 1165 854 the-

93 911 207 952 saurum
224 888 328 968 videt,
350 887 433 949 unde
449 886 598 950 bonarum
614 885 784 948 litterarum
801 887 894 948 ditior
915 887 1040 951 evadatr
1071 911 1165 974 quae-

93 1011 146 1074 que
160 991 303 1052 hactenus
317 1000 365 1050 tot
379 987 556 1068 hominum,
577 990 668 1050 etiam
693 987 902 1067 eruditorum,
929 987 1024 1050 millia
1044 990 1164 1072 ignora-

94 1100 173 1168 rrmt,
207 1089 365 1172 multoque
392 1087 525 1168 diutius,
557 1109 592 1148 ac
621 1099 768 1172 perpetuo
796 1087 921 1150 forsitan
961 1090 1164 1172 ignorassent,

94 1192 268 1274 eaprinceps
290 1190 464 1272 cognoscit,
499 1199 531 1250 et
550 1185 785 1267 sollicitudines,
807 1209 931 1272 operam
958 1201 1048 1274 atque
1079 1210 1166 1252 cona·

94 1299 136 1352 tus
164 1309 235 1351 snos
263 1307 315 1372 sps
342 1297 373 1350 et
391 1286 501 1350 fiducia
533 1297 636 1372 gratae
658 1289 841 1372 posteritatis
863 1286 1047 1350 consolatur.

168 1387 305 1452 Ceterum
325 1409 397 1451 curn
417 1391 449 1450 in
471 1387 530 1450 hoc
551 1409 673 1472 quoque
692 1400 755 1450 tam
776 1391 940 1472 praestanti
954 1409 1081 1451 munere
1101 1387 1163 1451 ela·

93 1485 212 1550 borandi
221 1533 230 1570 ,
250 1499 282 1550 et
300 1487 424 1572 aliquod
445 1490 704 1570 operaepretium
722 1487 850 1551 faciendi
864 1487 1004 1550 voluntas
1019 1509 1082 1549 non
1100 1511 1165 1550 me·

94 1585 194 1650 diceris
207 1589 266 1652 iarn
284 1587 404 1674 pridem
425 1587 500 1650 mihi
523 1586 606 1648 haud
627 1585 777 1669 deluerit,
804 1587 1001 1650 nihilominus
1021 1590 1085 1676 cius
1105 1588 1165 1650 dil-

94 1685 228 1752 ficnltatea
247 1689 430 1770 cogitatione
452 1685 724 1769 complectentem,
754 1709 817 1749 non
832 1688 955 1771 quidem
976 1689 1076 1770 pudor
1091 1689 1165 1750 sub-

93 1787 228 1868 rusticus,
261 1787 316 1852 ced
334 1797 432 1848 metus
457 1785 600 1870 quidam,
635 1797 671 1848 nt
693 1787 846 1866 arbitror,
876 1789 1024 1870 ingenuus
1048 1809 1167 1870 semper

94 1884 253 1950 absterruit.
296 1886 340 1950 Et
359 1888 460 1948 nescio
482 1885 636 1972 quomodo
652 1887 757 1951 haeret
776 1889 808 1951 in
829 1881 990 1968 medullis,
1015 1909 1072 1950 nec
1087 1887 1165 1950 obli·

95 1985 161 2045 risci
184 2007 279 2069 queo,
314 1985 398 2069 quod
422 1985 504 2069 apud
528 1989 706 2069 scriptorem
731 1990 951 2072 percupientem
975 1988 1075 2074 legere
1101 2011 1166 2051 me·

94 2085 178 2146 mini:
194 2097 369 2169 rpraestare
387 2088 514 2166 timere,
550 2104 642 2172 quarn
670 2087 783 2150 audere
808 2091 840 2150 in
861 2087 981 2152 litteris.
1030 2089 1168 2152 Accessit

94 2183 128 2242 ad
144 2205 191 2246 me
204 2186 441 2268 retardandum,
461 2185 545 2271 quod
559 2187 612 2272 qui
633 2189 803 2272 primorum
825 2189 933 2270 primi,
960 2189 1166 2272 signiferique,

93 2293 175 2366 atque
201 2286 297 2369 adeo,
329 2289 383 2369 qui
406 2289 606 2370 interpretum
634 2286 779 2350 familiam
810 2287 921 2350 ducere
946 2290 1167 2366 existimantur,

93 2383 138 2445 vel
155 2388 186 2448 iu
206 2409 267 2450 uno
293 2386 374 2450 libro
400 2387 604 2452 convertendo
631 2387 813 2450 creberrime
844 2385 1040 2466 hallucinati,
1076 2398 1168 2470 atquo
1235 2398 1237 2416 ¹

93 2482 219 2570 allaeis,
242 2487 326 2572 quod
337 2486 468 2568 dicitur,
489 2487 650 2569 excidisse,
671 2486 896 2571 diligentiorum
908 2487 1169 2550 animadversione

93 2581 257 2686 dqmtpnsi
278 2597 362 2650 sunt.
416 2587 575 2667 Quaenam
600 2609 672 2672 ergo
703 2589 779 2648 mihi
802 2589 968 2650 semidocto
995 2587 1075 2648 fama
1097 2609 1168 2670 spe-
1218 2601 1225 2610 ·

93 2683 178 2771 randa
192 2685 269 2750 fuiti
315 2687 437 2750 Verum
459 2689 632 2770 enimvero,
668 2698 860 2750 cunctantem
897 2710 933 2750 aa
966 2687 1169 2770 trepidantem

91 2785 260 2862 sapientium
280 2791 420 2850 virorum
441 2789 605 2850 auctoritas
627 2789 814 2869 commovit,
848 2789 974 2872 ipsaque
993 2789 1072 2848 ratio
1093 2805 1167 2850 con-

91 2880 238 2966 firmavit,
269 2897 304 2947 nt
328 2886 492 2970 aliqnando
515 2889 548 2946 in
578 2885 696 2948 isthanc
721 2885 902 2970 palaestram
932 2885 1167 2949 descenderetur

92 2981 247 3066 siqnidem,
282 2987 366 3062 iuxta
390 2985 570 3069 vulgatum,
609 3005 699 3046 nemo
732 2989 867 3048 nascitur
891 2987 1017 3047 artifex:
1063 2995 1095 3046 et
1118 3004 1169 3044 ars

93 3079 169 3144 nulla
194 3096 257 3166 α,
296 3087 330 3148 in
356 3107 418 3169 qua
443 3106 505 3147 non
533 3085 687 3169 peccando
712 3085 865 3148 discatur:
906 3085 1049 3169 quodque
1078 3083 1168 3146 nobis

92 3184 366 3270 puerisquondam
395 3197 605 3270 praeceptores
626 3187 659 3247 in
681 3185 755 3248 ludo
779 3185 974 3270 ingerebant,
1011 3187 1064 3268 qui
1086 3207 1167 3246 nun·

94 3301 175 3362 quam
190 3285 290 3368 male,
318 3305 475 3370 nunquam
495 3287 582 3354 bene.
630 3286 760 3350 Factrun
784 3287 898 3370 igitur,
924 3296 967 3370 ut,
982 3307 1053 3348 eum
1078 3284 1167 3346 Sere-

93 3384 218 3448 nissimus
240 3387 387 3450 Boiorum
400 3389 542 3471 princeps
557 3385 780 3448 Maximilianus
795 3387 951 3448 societatis
973 3396 1095 3447 nostrae
1111 3384 1166 3445 do·

95 3487 208 3547 mesticis
226 3497 409 3570 potestatem
424 3485 590 3550 liberaliter
627 3497 719 3569 atque
745 3485 827 3548 ultro
842 3485 1054 3564 concessisset,
1077 3503 1166 3546 evo·

93 3577 241 3648 lrrrninilnrs
270 3588 395 3650 Graecis
424 3586 541 3650 calamo
567 3589 695 3648 exaratis
713 3587 861 3669 (quorum
884 3585 976 3647 habet
994 3585 1026 3645 in
1056 3581 1167 3644 biblio-

95 3678 170 3744 them
189 3709 239 3748 sna
253 3688 441 3750 nobilissima
452 3687 645 3748 lectissimam
666 3687 804 3770 copiam)
821 3684 1041 3770 depromendi,
1077 3693 1107 3743 et
1128 3681 1166 3741 ad

95 3799 269 3848 communem
306 3807 395 3850 usum
439 3785 756 3870 emolumentumque,
795 3789 881 3850 cuius
902 3788 1024 3847 incenso
1046 3791 1167 3844 tenetur

95 3875 248 3967 desiderio,
283 3887 502 3970 interpretandi
530 3909 608 3970 quae
629 3888 809 3970 placuisset,
849 3907 905 3970 ego
926 3888 959 3946 in
986 3883 1068 3946 hunc
1104 3903 1166 3943 non

96 3975 307 4048 Chlistodulurn
324 3990 450 4071 utique,
481 3988 533 4050 sed
555 3991 587 4048 in
611 3991 793 4071 ipsissimum
820 3989 964 4050 loannem
981 3985 1165 4051 Cautncuze·

96 4095 161 4144 num
183 4084 354 4150 inciderimr
391 4089 515 4171 quoad
543 4099 663 4172 gustum
690 4087 929 4170 sententiamque
958 4105 1057 4147 meam
1090 4081 1166 4143 nihil

99 4185 355 4272 muncrarius,
385 4187 461 4255 nihil
483 4189 521 4254 ad
543 4190 642 4272 prima
660 4188 785 4256 militiae
807 4189 896 4252 huius
916 4184 1061 4254 tentanda
1085 4183 1164 4266 peri-
