2946 4872
250 331 372 396 xxxiv
628 383 635 402 ,
683 325 709 391 1.
743 307 920 384 romam

250 485 377 562 iudices,
396 477 651 566 quemadmodum
665 475 740 547 olim
757 476 848 540 duces
866 475 1011 536 exercitus
1035 472 1190 558 gestabant
1201 482 1338 558 torques,

249 569 399 632 honorem
427 567 562 648 ipsorum
587 549 836 624 dembnstrantes.
878 550 914 618 τὸ
927 553 1047 642 §otger
1063 578 1203 639 suprema
1227 561 1339 638 vestis,

253 653 366 734 species
386 651 478 710 restis
497 645 873 726 eGermaniaapportata,
893 639 975 702 unde
989 642 1203 702 Germanicum
1225 661 1339 702 nomen

253 735 398 809 retinuit,
430 729 523 792 Rork.
562 730 641 790 llinc
671 723 857 808 ῥουχαρεῑον
879 723 1053 786 vestiarium
1073 723 1195 805 speciali
1217 727 1343 786 nomina

254 837 274 878 a
288 813 468 896 Curopalata
483 811 664 894 appellatam,
685 811 757 891 quia
776 807 865 869 latius
879 817 963 890 patet
982 827 1093 868 nomen
1109 808 1242 868 vestiarii
1260 807 1344 889 apud

254 901 435 960 recentiores
460 897 602 956 Graecos.
644 891 936 968 Protovestiarius,
964 901 999 950 ut
1019 910 1142 972 agamus
1160 889 1343 968 dilucidius,

255 983 338 1063 regio
367 979 488 1042 vestitui
523 985 679 1060 praeerat,
712 973 794 1056 quod
824 973 915 1036 hodie
940 973 1192 1035 cubiculariorum
1222 973 1346 1036 videtur

255 1083 378 1125 munus.
420 1061 516 1142 Saepe
528 1060 618 1122 rebus
632 1060 752 1122 maximi
767 1058 912 1120 momenti
927 1056 1158 1136 adhibebantur,
1180 1067 1210 1118 et
1224 1078 1272 1118 res
1289 1077 1346 1138 per

257 1167 309 1210 eos
327 1167 389 1206 non
401 1143 539 1224 vulgares
549 1142 743 1226 gerebantur,
764 1153 799 1204 ut
812 1142 843 1202 in
856 1142 1013 1222 Lecapeno
1034 1151 1064 1202 et
1078 1141 1179 1200 Leone
1191 1138 1293 1200 Basilii
1305 1141 1345 1206 F.

256 1227 385 1290 Credeni
401 1226 505 1288 videre
523 1237 580 1288 est.
622 1225 659 1286 ln
674 1225 870 1288 Constantino
899 1225 1036 1286 Romano
1063 1223 1101 1284 F.
1121 1225 1346 1304 protovestiani

256 1311 387 1392 dignitas
404 1311 539 1391 proxima
560 1330 579 1372 a
599 1306 763 1370 domestico
793 1306 964 1370 scholarum
986 1317 1017 1368 et
1039 1305 1222 1383 accubitare,
1245 1304 1348 1387 biglae

257 1393 433 1476 drungario,
447 1395 583 1474 superior
596 1392 776 1454 ostendittu.
819 1391 938 1468 Inveni,
959 1391 1013 1472 qui
1033 1389 1187 1469 scriberet,
1203 1389 1351 1450 Protove·

258 1478 395 1536 stiarium
419 1475 509 1536 luisse
522 1475 742 1536 thesaurarium
765 1495 817 1535 seu
830 1474 973 1535 thesauro
991 1473 1187 1554 praelectum,
1208 1473 1280 1556 quia
1294 1472 1349 1549 βε-

258 1555 400 1636 στιάριον
414 1560 697 1620 aerariumvoeetur
726 1577 778 1620 seu
800 1557 935 1618 thesauri
947 1557 1170 1638 repositorium,
1191 1557 1348 1632 ταμιεῖον.

261 1639 435 1804 dQUOdleElo
468 1639 592 1724 qmdem
618 1641 651 1702 in
676 1639 778 1723 aliqrro
807 1638 858 1702 vel
884 1649 1006 1702 auctora
1033 1635 1084 1700 vel
1108 1636 1252 1721 glossario
1275 1657 1352 1699 non·

283 1743 336 1784 um
413 1769 422 1794 ι

342 1797 578 1887 Δικαιοφύλαξ,
599 1804 795 1884 adverbum,
818 1803 929 1868 Custos
954 1804 1056 1885 legum
1075 1813 1106 1866 et
1127 1803 1220 1884 iuris,
1235 1801 1275 1864 da
1287 1825 1352 1887 quo

259 1889 436 1970 magistratu
451 1885 527 1948 nihil
539 1885 631 1948 babet
645 1887 838 1970 Curopalata.

349 1960 591 2049 Λογαριὰοτης,
613 1969 823 2048 Logariartes.
864 1968 1099 2052 ACumpalata
1127 1967 1268 2048 additur,
1297 1967 1354 2050 τῆς

261 2043 383 2131 αῧλῆς,
404 2050 492 2150 aulae
519 2071 573 2114 seu
604 2051 720 2133 palatii.
763 2054 905 2114 Rationes
928 2055 985 2114 init
1004 2051 1353 2148 omniumtstipendiato-

260 2131 1354 2304 {ttritttiltbttittttibttli‘liatl‘l‘lttltatt

262 2307 293 2360 et
313 2292 504 2381 φροντιστής
520 2295 576 2363 καί
589 2299 743 2383 larionis.
794 2301 905 2365 Valere
938 2313 1026 2364 utaut
1046 2302 1147 2382 idem,
1168 2301 1251 2384 quod
1265 2321 1356 2386 qrme·

262 2390 398 2442 sterant
424 2393 561 2462 receptor
584 2385 751 2466 generalis,
781 2397 833 2448 eut
854 2407 895 2469 qu
951 2387 1109 2448 Germanis
1122 2395 1168 2446 est
1187 2383 1355 2446 Kammer·

264 2463 406 2524 meister.
447 2465 524 2538 inde
538 2463 654 2530 clarum
669 2470 737 2550 quis
749 2465 1047 2552 μεγαλογαριάοτης.

341 2539 626 2628 Ἀποκρισιάριος,
655 2551 909 2634 Apocrisiarius.
950 2551 1000 2612 Sic
1022 2548 1226 2612 iurisconsulti
1246 2549 1357 2610 Graeci

261 2643 332 2686 eum
353 2631 531 2708 nominant,
551 2634 605 2712 qui
620 2631 819 2715 legationibus
833 2633 990 2696 audiendis
1009 2633 1231 2717 reserandisque
1250 2631 1290 2694 ad
1302 2635 1358 2694 im·

260 2719 431 2790 peratorem
452 2723 482 2773 et
501 2717 651 2794 responsis
671 2715 711 2776 ab
731 2737 767 2778 eo
788 2716 896 2778 dandis
912 2718 1091 2779 constitutus
1110 2727 1167 2777 est.

343 2789 574 2875 Χαρτοφύλαξ,
598 2795 781 2878 Praefertur
794 2799 929 2870 Chartis.
952 2801 1013 2877 Qui
1027 2797 1147 2860 tabum
1162 2797 1256 2860 babet
1274 2796 1358 2860 abar

262 2879 376 2970 taceas,
398 2876 518 2939 adium
535 2876 676 2944 ecelesiae
691 2883 888 2961 pertinentes,
909 2880 1084 2944 chartarum
1095 2891 1208 2960 eustos,
1230 2883 1284 2962 qui
1299 2883 1359 2964 pri·

261 2953 372 3037 vilegra
392 2969 422 3020 st
441 2959 552 3030 similia
577 2974 731 3042 asservat,
751 2963 918 3046 praesectam
942 2967 1135 3042 scriniorum,
1164 2966 1253 3026 iudex
1276 2965 1359 3025 idem

261 3056 422 3102 causarum
437 3042 705 3109 ecclesiasticarum
730 3057 761 3106 et
784 3050 997 3128 quaestionum
1014 3047 1293 3126 matrimonialium,
1309 3047 1359 3108 da·

261 3117 368 3192 iensor
391 3123 424 3184 in
447 3123 626 3188 clericorum
646 3130 779 3226 caussis,
807 3127 903 3192 veluti
923 3151 1031 3200 manua
1056 3133 1166 3194 summi
1194 3131 1359 3194 sacerdotis

190 3263 193 3272 ,
261 3199 376 3264 dextra.
427 3203 506 3266 Hine
517 3204 617 3284 μέγας
629 3211 849 3291 χαρτοφυλαξ.

344 3282 536 3364 Aristoma
565 3286 622 3368 τῆς
647 3291 826 3376 τραπέζης,
867 3293 1025 3380 Dapifer,
1053 3307 1107 3360 aut
1125 3295 1223 3360 simile
1242 3296 1360 3358 habena

212 3389 227 3410 r
260 3363 406 3446 officium,
427 3379 462 3430 ut
475 3391 622 3452 suspicor.

346 3450 584 3535 Δρονγγάριος,
615 3454 824 3536 Drangarius.
866 3454 1113 3543 Apooyydcssaeu
1137 3455 1287 3544 δρονγγός
1302 3463 1360 3524 ori·

264 3529 363 3594 entale
384 3553 507 3612 nomen,
528 3547 649 3598 coetum
669 3537 828 3602 licerinum
841 3563 903 3604 una
924 3549 1158 3608 commeantium
1175 3545 1358 3627 significans,

264 3624 295 3676 ct
309 3625 413 3678 coetus
440 3616 520 3688 illius
547 3621 686 3702 princeps
714 3635 839 3686 vocatur
860 3625 984 3708 Dargon
1005 3626 1056 3688 val
1085 3630 1223 3710 Dorgon,
1240 3649 1275 3688 ex
1296 3649 1359 3712 quo

262 3695 466 3780 Drungarius,
494 3702 573 3762 facta
598 3704 750 3784 epenthesi
778 3706 835 3766 tori
855 3728 873 3766 ν
893 3729 950 3790 pro
970 3729 990 3788 y
1010 3714 1173 3792 geminato.
1224 3713 1359 3789 Quidam

261 3791 373 3842 vocant
385 3783 543 3848 tribunum
557 3785 700 3848 militum.
742 3789 887 3872 Druugus
906 3791 1031 3874 globum
1050 3796 1208 3876 significat,
1229 3797 1274 3854 ait
1282 3797 1360 3856 Tur·

262 3861 359 3958 nebus
384 3863 464 3928 libro
483 3869 628 3949 vigesimo
645 3882 754 3952 quarto
776 3875 874 3954 capite
888 3877 1033 3958 vigesimo
1055 3880 1172 3958 quinto.
1206 3879 1359 3959 Vopiscus

261 3965 294 4040 tp
318 3944 444 4010 Probo:
475 3951 690 4032 Triumphauit
709 3953 748 4014 de
765 3957 923 4020 Germania
937 3968 968 4018 et
982 3958 1115 4040 Blemiis,
1137 3963 1275 4022 omnium
1290 3983 1360 4044 gen·

261 4035 339 4124 trum
361 4029 513 4114 drungos,
534 4055 630 4114 usque
645 4035 684 4096 ad
699 4039 910 4119 quingenarius
932 4041 1070 4104 homines
1084 4055 1155 4106 aute
1167 4045 1359 4128 triumphum

261 4107 357 4172 dunt.
400 4113 544 4210 vegetius
569 4115 648 4180 libro
670 4122 762 4180 tertio
782 4125 880 4204 capita
894 4123 1011 4186 decimo
1026 4137 1120 4188 sertor
1170 4127 1255 4190 Scire
1268 4128 1360 4188 debet

260 4190 321 4254 dur
340 4193 486 4280 bosnam,
508 4209 614 4262 contra
643 4223 720 4284 quoa
737 4203 870 4288 drungos
891 4207 980 4288 (male
992 4210 1138 4293 scriptum
1159 4212 1282 4292 dmaos)
1297 4211 1358 4272 boc
